% This file was created with JabRef 2.6.
% Encoding: Cp1252

@ARTICLE{KoganMargoliash1998,
  author = {Kogan J. A. and Margoliash, D.},
  title = {Automated recognition of bird song elements from continuous recordings
	using dynamic time warping and hidden Markov models: A comparative
	study},
  journal = {Journal of the Acoustical Society of America},
  year = {1998},
  volume = {103},
  pages = {2185-2196},
  owner = {paul.conn},
  timestamp = {2013.07.22}
}

@UNPUBLISHED{afsc:2010dz,
  author = {AFSC},
  title = {{S}teller sea lion fishery and oceanographic analysis {BiOp} 2010
	(February 11, 2010)},
  note = {Unpublished report, available from Alaska Fisheries Science Center,
	NMFS, NOAA, 7600 Sand Point Way, NE, Seattle, Washington 98115. 81
	pp.},
  year = {2010}
}

@ARTICLE{AgarwalEtAl2002,
  author = {Agarwal, D. K. and Gelfand, A. E. and Citron-Pousty, S.},
  title = {Zero-inflated models with application to spatial count data},
  journal = {Environmental and Ecological Statistics},
  year = {2002},
  volume = {9},
  pages = {341-355},
  owner = {paul.conn},
  timestamp = {2014.05.02}
}

@BOOK{Agresti2002,
  title = {Categorical Data Analysis, 2nd Edition},
  publisher = {Wiley-Interscience},
  year = {2002},
  author = {Agresti, A.},
  address = {Hoboken, N.J.},
  owner = {paul.conn},
  timestamp = {2013.03.08}
}

@ARTICLE{Albert1993,
  author = {Albert, J.H. and Chib, S.},
  title = {Bayesian analysis of binary and polychotomous response data},
  journal = {Journal of the American Statistical Association},
  year = {1993},
  volume = {88},
  pages = {669-679},
  owner = {paul.conn},
  timestamp = {2012.01.11}
}

@ARTICLE{Albert1993a,
  author = {Albert, J.H. and Chib, S.},
  title = {Analysis of binary and polychotomous response data},
  journal = {Journal of the American Statistical Association},
  year = {1993},
  volume = {88},
  pages = {669-679},
  owner = {paul.conn},
  timestamp = {2012.01.13}
}

@ARTICLE{Alho1990,
  author = {Alho, J. M.},
  title = {Logistic regression in capture-recapture models},
  journal = {Biometrics},
  year = {1990},
  volume = {46},
  pages = {623--635},
  owner = {paul.conn},
  timestamp = {2013.05.24}
}

@ARTICLE{Alisauskas2002,
  author = {Alisauskas, R. T. and Lindberg, M. S.},
  title = {Effects of neckbands on survival and fidelity of white-fronted and
	Canada geese captured as non-breeding adults},
  journal = {Journal of Applied Statistics},
  year = {2002},
  volume = {29},
  pages = {521--537},
  owner = {paul.conn},
  timestamp = {2013.05.24}
}

@ARTICLE{Alldredge2007,
  author = {Alldredge, M.W. and Pollock, K.H. and Simons, T.R. and Collazo, J.A.
	and Shriner, S.A.},
  title = {Time-of detection method for estimating abundance from point-count
	surveys},
  journal = {Auk},
  year = {2007},
  volume = {124},
  pages = {653-664},
  owner = {paul.conn},
  timestamp = {2011.12.22}
}

@PHDTHESIS{Alt1989,
  author = {Alt, G. L.},
  title = {Reproductive biology of female black bears and early growth and development
	of cubs in northeastern Pennsylvania},
  school = {West Virginia University},
  year = {1989},
  address = {Morgantown, WV, USA},
  owner = {paul.conn},
  timestamp = {2013.05.24}
}

@ARTICLE{AmstrupEtAl2004,
  author = {Amstrup, S. C. and York, G. and McDonald, T. L. and Nielson, R. and
	Simac, K.},
  title = {Detecting denning polar bears with forward-looking infrared (FLIR)
	imagery},
  journal = {BioScience},
  year = {2004},
  volume = {54},
  pages = {337-344},
  owner = {paul.conn},
  timestamp = {2013.07.22}
}

@TECHREPORT{Anderson1992,
  author = {Anderson, A. E. and Bowden, D. C. and Kattner, D. M.},
  title = {The puma on Uncompahgre Plateau, Colorado},
  year = {1992},
  number = {DOW-R-T-40-92},
  intitution = {Colorado Division of Wildlife},
  owner = {paul.conn},
  timestamp = {2013.05.24}
}

@ARTICLE{Anganuzzi1994,
  author = {Anganuzzi, A. and Hilborn, R. and Skalski, J. R.},
  title = {Estimation of size-selectivity and movement rates from mark recovery
	data},
  journal = {Canadian Journal of Fisheries and Aquatic Sciences},
  year = {1994},
  volume = {51},
  pages = {734-742},
  owner = {paul.conn},
  timestamp = {2013.05.24}
}

@ARTICLE{Arnason1973,
  author = {Arnason, A. N.},
  title = {The estimation of population size, migration rates, and survival
	in a stratified population},
  journal = {Researches in Population Ecology},
  year = {1973},
  volume = {15},
  pages = {1-8},
  owner = {paul.conn},
  timestamp = {2013.05.24}
}

@ARTICLE{Arnason1972,
  author = {Arnason, A. N.},
  title = {Parameter estimation for mark-recapture experiments on two populations
	subject to migration and death},
  journal = {Researches in Population Ecology},
  year = {1972},
  volume = {13},
  pages = {97-113},
  owner = {paul.conn},
  timestamp = {2013.05.24}
}

@ARTICLE{Arzoumanian2005,
  author = {Arzoumanian, Z. and Holmberg, J. and Norman, B.},
  title = {An astronomical pattern-matching algorithm for computer-aided identification
	of whale sharks Rhincodon typus},
  journal = {Journal of Applied Ecology},
  year = {2005},
  volume = {42},
  pages = {999-1011},
  owner = {paul.conn},
  timestamp = {2009.12.21}
}

@ARTICLE{BabbittTanner2000,
  author = {Babbitt, K. J. and Tanner, G. W.},
  title = {Use of temporary wetlands by anurans in a hydrologically modified
	landscape},
  journal = {Wetlands},
  year = {2000},
  volume = {20},
  pages = {313-322},
  owner = {paul.conn},
  timestamp = {2013.12.04}
}

@BOOK{BanerjeeEtAl2004,
  title = {Hierarchical modeling and analysis of spatial data},
  publisher = {Chapman \& Hall/CRC},
  year = {2004},
  author = {Banerjee, S. and Carlin, B.P. and Gelfand, A. E.},
  owner = {paul.conn},
  timestamp = {2011.12.28}
}

@ARTICLE{BanerjeeEtAl2008,
  author = {Banerjee, S. and Gelfand, A. E. and Finley, A. O. and Sang, H.},
  title = {Gaussian predictive process models for large spatial datasets},
  journal = {Journal of the Royal Statistical Society B},
  year = {2008},
  volume = {70},
  pages = {825-848},
  owner = {paul.conn},
  timestamp = {2013.09.10}
}

@ARTICLE{Baranov1918,
  author = {Baranov, F. I.},
  title = {On the question of the biological basis of fisheries},
  journal = {Nauchno Issled Ikhtiol Inst Izv},
  year = {1918},
  volume = {1},
  pages = {81-128},
  owner = {paul.conn},
  timestamp = {2013.05.24}
}

@ARTICLE{Barker2004,
  author = {Barker, R. J. and Burnham, K. P. and White, G. C.},
  title = {Encounter history modeling of joing mark-recapture, tag-resighting
	and tag-recovery data under temporary emigration},
  journal = {Statistica Sinica},
  year = {2004},
  volume = {14},
  pages = {1037-1056},
  owner = {paul.conn},
  timestamp = {2013.05.24}
}

@ARTICLE{Barker2001,
  author = {Barker, R. J. and Kavalieris, L.},
  title = {Efficiency gain from auxiliary data requiring additional nuisance
	parameters},
  journal = {Biometrics},
  year = {2001},
  volume = {57},
  pages = {563-566},
  owner = {paul.conn},
  timestamp = {2013.05.24}
}

@ARTICLE{BarryVerHoef1996,
  author = {Barry, R. P. and Ver Hoef, J. M.},
  title = {Blackbox kriging: Kriging without specifying variogram models},
  journal = {Journal of Agricultural, Biological, and Environmental Statistics},
  year = {1996},
  volume = {1},
  pages = {297-322},
  owner = {paul.conn},
  timestamp = {2014.05.13}
}

@ARTICLE{Barry2003,
  author = {Barry, S. C. and Brooks, S. P. and Catchpole, E. A. and Morgan, B.
	J. T.},
  title = {The analysis of ring-recovery data using random effects},
  journal = {Biometrics},
  year = {2003},
  volume = {59},
  pages = {54-65},
  owner = {paul.conn},
  timestamp = {2013.05.24}
}

@ARTICLE{Basson,
  author = {Basson, M.},
  title = {The importance of environmental factors in the design of management
	procedures},
  journal = {ICES Journal of Marine Science},
  volume = {56},
  pages = {933-942},
  owner = {paul.conn},
  timestamp = {2013.05.24}
}

@MANUAL{Bates2011,
  title = {Matrix: Sparse and Dense Matrix Classes and Methods},
  author = {Bates, D. and Maechler, M.},
  year = {2011},
  note = {R package version 1.0-2},
  owner = {paul.conn},
  timestamp = {2012.01.13},
  url = {http://CRAN.R-project.org/package=Matrix}
}

@ARTICLE{Beamish1983,
  author = {Beamish, R. J. and McFarlane, G. A.},
  title = {The forgotten requirement for age validation in fisheries biology},
  journal = {Transactions of the American Fisheries Society},
  year = {1983},
  volume = {112},
  pages = {735-743},
  owner = {paul.conn},
  timestamp = {2013.05.24}
}

@TECHREPORT{Beck1991,
  author = {Beck, T. D. I.},
  title = {Black bears in west-central {C}olorado},
  institution = {Colorado Division of Wildlife},
  year = {1991},
  number = {Tech. Publ. 39 DOW-R-T-39-91},
  address = {Fort Collins, Colorado},
  owner = {paul.conn},
  timestamp = {2013.05.24}
}

@ARTICLE{Becker2010a,
  author = {Becker, E. A. and Forney, K. A. and Ferguson, M. C. and Foley, D.
	G. and Smith, R. C. and Barlow, J. and Redfern, J. V.},
  title = {Comparing {C}alifornia {C}urrent cetacean-habitat models developed
	using {\it in situ} and remotely sensed sea surface temperature data},
  journal = {Marine Ecology Progress Series},
  year = {2010},
  volume = {413},
  pages = {163-183},
  owner = {paul.conn},
  timestamp = {2012.04.09}
}

@ARTICLE{Becker2010,
  author = {Becker, E.A. and Forney, K.A. and Ferguson, M.C. and Foley, D.G.
	and Smith, R.C. and Barlow, J. and Redfern, J.V.},
  title = {Comparing California Current cetacean-habitat models developed using
	{\it in situ} and remotely sensed sea surface temperature data},
  journal = {Marine Ecology Progress Series},
  year = {2010},
  volume = {413},
  pages = {163-183},
  owner = {paul.conn},
  timestamp = {2012.04.09}
}

@ARTICLE{Bengtson2005,
  author = {Bengtson, J. L. and Hiruki-Raring, L. M. and Simpkins, M. A. and
	Boveng, P. L.},
  title = {Ringed and bearded seal densities in the eastern {C}hukchi {S}ea,
	1999-2000},
  journal = {Polar Biology},
  year = {2005},
  volume = {28},
  pages = {833-845},
  owner = {paul.conn},
  timestamp = {2012.02.22}
}

@ARTICLE{Benton2003,
  author = {Benton, D. and Krishnamoorthy, K. and Mathew, T.},
  title = {Inferences in multivariate-univariate calibration problems},
  journal = {The Statistician},
  year = {2003},
  volume = {52},
  pages = {15-39},
  owner = {paul.conn},
  timestamp = {2013.05.24}
}

@INCOLLECTION{Berliner1996,
  author = {Berliner, L.M.},
  title = {Hierarchical {B}ayesian time-series models},
  booktitle = {Maximum Entropy and Bayesian Methods},
  publisher = {Kluwer Academic Publishers},
  year = {1996},
  pages = {15-22},
  address = {Dordrecht, The Netherlands},
  owner = {paul.conn},
  timestamp = {2011.06.14}
}

@UNPUBLISHED{Bernard:2011dq,
  author = {D. R. Bernard and S. J. Jefferies and G. Knapp and A. W. Trites},
  title = {An Independent, Scientific Review of the {B}iological {O}pinion (2010)
	of the {F}isheries {M}anagement {P}lan for the {B}ering {S}ea/{A}leutian
	{I}slands {M}anagement {A}reas},
  year = {2011}
}

@INCOLLECTION{Bernardo2003,
  author = {Bernardo, J. M. and Ju\'{a}rez, M. A.},
  title = {Intrinsic estimation},
  booktitle = {Bayesian Statistics},
  publisher = {Oxford University Press},
  year = {2003},
  editor = {Bernardo, J. M. and Bayarri, M. J. and Berger, J. O. and Dawid, A.
	P. and Heckerman, D. and Smith, A. F. M. and West, M.},
  pages = {465-476},
  address = {Oxford},
  owner = {paul.conn},
  timestamp = {2013.05.24}
}

@ARTICLE{Besag1974,
  author = {Besag, J.},
  title = {Spatial interaction and the statistical analysis of lattice systems},
  journal = {Journal of the Royal Statistical Society B},
  year = {1974},
  volume = {36},
  pages = {192-236},
  owner = {xconn},
  timestamp = {2011.06.22}
}

@ARTICLE{Besag1995,
  author = {Besag, J. and Kooperberg, C.},
  title = {On conditional and intrinsic autoregressions},
  journal = {Biometrika},
  year = {1995},
  volume = {82},
  pages = {733-746},
  owner = {paul.conn},
  timestamp = {2011.09.13}
}

@ARTICLE{Besag1991,
  author = {Besag, J. and York, J. and Mollie, A.},
  title = {Bayesian image-restoration, with 2 applications in spatial statistics},
  journal = {Annal of the Institute of Statistical Mathematics},
  year = {1991},
  volume = {43},
  pages = {1-20},
  owner = {paul.conn},
  timestamp = {2011.09.13}
}

@ARTICLE{Besag1991a,
  author = {Besag, J. and York, J. and Mollie, A.},
  title = {Bayesian image-restoration, with 2 applications in spatial statistics},
  journal = {Annals of the Institute of Statistical Mathematics},
  year = {1991},
  volume = {43},
  pages = {1-20},
  owner = {paul.conn},
  timestamp = {2011.09.13}
}

@ARTICLE{Besbeas2005,
  author = {Besbeas, P. and Freeman, S. N. and Morgan, B. J. T.},
  title = {The potential of integrated population modelling},
  journal = {Australian \& New Zealand Journal of Statistics},
  year = {2005},
  volume = {47},
  pages = {35-48},
  owner = {paul.conn},
  timestamp = {2013.05.24}
}

@ARTICLE{Besbeas2002,
  author = {Besbeas, P. and Freeman, S. N. and Morgan, B. J. T. and Catchpole,
	E. A.},
  title = {Integrating mark-recapture-recovery and census data to estimate animal
	abundance and demographic parameters},
  journal = {Biometrics},
  year = {2002},
  volume = {58},
  pages = {540-547},
  owner = {paul.conn},
  timestamp = {2013.05.24}
}

@ARTICLE{Beverton1992,
  author = {Beverton, R. J. H.},
  title = {Patterns of reproductive strategy parameters in some marine teleost
	fishes},
  journal = {Journal of Fish Biology},
  year = {1992},
  volume = {41},
  pages = {137-160},
  owner = {paul.conn},
  timestamp = {2013.05.24}
}

@ARTICLE{Beverton1957,
  author = {Beverton, R. J. H. and Holt, S. J.},
  title = {On the dynamics of exploited fish populations},
  journal = {U.K. Ministry of Agriculture and Fisheries, Fisheries Investigations
	(Series 2)},
  year = {1957},
  volume = {19},
  pages = {1-533},
  owner = {paul.conn},
  timestamp = {2013.05.24}
}

@BOOK{Bishop1975,
  title = {Discrete Multivariate Analysis: Theory and Practice},
  publisher = {The MIT Press},
  year = {1975},
  author = {Bishop, Y M M and Fienberg, S E and Holland, P W},
  address = {Cambridge, MA, USA},
  owner = {paul.conn},
  timestamp = {2013.05.24}
}

@ARTICLE{Bled2011,
  author = {Bled, F. and Royle, J.A. and Cam, E.},
  title = {Hierarchical modeling of an invasive spread: the Eurasian collared-cove
	{\it {S}treptopelia decaocto} in the United States},
  journal = {Ecological Applications},
  year = {2011},
  volume = {21},
  pages = {290-302},
  owner = {paul.conn},
  timestamp = {2011.06.10}
}

@ARTICLE{BlumsteinEtAl2011,
  author = {Blumstein, D. T. and Mennill, D. J. and Clemins, P. and Girod, L.
	and Yao, K. and Patricelli, G. and Deppe, J. L. and Krakauer, A.
	H. and Clark, C. and Cortopassi, K. A. and Hanser, S. F. and McCowan,
	B.},
  title = {Acoustic monitoring in terrestrial environments using microphone
	arrays: applications, technological considerations and prospectus},
  journal = {Journal of Applied Ecology},
  year = {2011},
  volume = {48},
  pages = {758-767},
  owner = {paul.conn},
  timestamp = {2013.07.22}
}

@BOOK{Borchers2002,
  title = {Estimating Animal Abundance: Closed Populations},
  publisher = {Springer-Verlag},
  year = {2002},
  author = {Borchers, D.L. and Buckland, S.T. and Zucchini, W.},
  address = {London, U.K.},
  owner = {paul.conn},
  timestamp = {2012.03.06}
}

@ARTICLE{Borchers1998,
  author = {Borchers, DL and Zucchini, W. and Fewster, R.M.},
  title = {Mark-recapture models for line transect surveys},
  journal = {Biometrics},
  year = {1998},
  volume = {54},
  pages = {1207-1220},
  owner = {paul.conn},
  timestamp = {2011.10.04}
}

@ARTICLE{Borchers2006,
  author = {Borchers, D. L. and Laake, J. L. and Southwell, C. and Paxton, C.
	G. M.},
  title = {Accomodating unmodeled heterogeneity in double-observer distance
	sampling surveys},
  journal = {Biometrics},
  year = {2006},
  volume = {62},
  pages = {372-378},
  owner = {paul.conn},
  timestamp = {2013.05.24}
}

@ARTICLE{Boulanger2001,
  author = {Boulanger, J. and McLellan, B.},
  title = {Closure violation in {DNA}-based mark-recapture estimation of grizzly
	bear populations},
  journal = {Canadian Journal of Zoology},
  year = {2001},
  volume = {79},
  pages = {642--651},
  owner = {paul.conn},
  timestamp = {2013.05.24}
}

@ARTICLE{Boulanger2001a,
  author = {Boulanger, J. and McLellan, B.},
  title = {Closure violation in {DNA}-based mark-recapture estimation of grizzly
	bear populations},
  journal = {Canadian Journal of Zoology},
  year = {2001},
  volume = {79},
  pages = {642--651},
  owner = {paul.conn},
  timestamp = {2013.05.24}
}

@BOOK{Box1987,
  title = {Empirical Model-Bulding and Response Surfaces},
  publisher = {John Wiley \& Sons},
  year = {1987},
  author = {Box, G. E. P. and Draper, N. R.},
  address = {New York, NY, USA},
  owner = {paul.conn},
  timestamp = {2013.05.24}
}

@BOOK{BoxEtAl2008,
  title = {Time series analysis: forecasting and control, 4th edition},
  publisher = {Wiley},
  year = {2008},
  author = {Box, G. E. P. and Jenkins, G. M. and Reinsel, G. C.},
  address = {Hoboken, New Jersey},
  owner = {paul.conn},
  timestamp = {2013.12.06}
}

@ARTICLE{Brodziak2005,
  author = {Brodziak, J. and Legault, C. M.},
  title = {Model averaging to estimate rebuilding targets for overfished stocks},
  journal = {Canadian Journal of Fisheries and Aquatic Sciences},
  year = {2005},
  volume = {62},
  pages = {544-562},
  owner = {paul.conn},
  timestamp = {2013.05.24}
}

@ARTICLE{Brooks2009,
  author = {Brooks, E. N. and Powers, J. E. and Cort\'{e}s},
  title = {Analytic reference points for age-sturctured models: Application
	to data-poor fisheries},
  journal = {ICES Journal of Marine Science},
  year = {2009},
  volume = {67},
  pages = {000-000.},
  owner = {paul.conn},
  timestamp = {2013.05.24}
}

@INPROCEEDINGS{Brooks1999a,
  author = {Brooks, S. P.},
  title = {Bayesian analysis of animal abundance data via {MCMC}},
  booktitle = {Bayesian Statistics 6},
  year = {1999},
  editor = {Bernardo, J. M. and Berger, J. O. and Dawid, A. P. and Smith, A.
	F. M.},
  pages = {723--731},
  publisher = {Oxford University Press},
  owner = {paul.conn},
  timestamp = {2013.05.24}
}

@ARTICLE{Brooks1997,
  author = {Brooks, S. P.},
  title = {Markov chain {Monte} {Carlo} method and its application},
  journal = {The Statistician},
  year = {1997},
  volume = {47},
  pages = {69--100},
  owner = {paul.conn},
  timestamp = {2013.05.24}
}

@ARTICLE{Brooks2000,
  author = {Brooks, S. P. and Catchpole, E. A. and Morgan, B. J. T.},
  title = {{Bayesian} animal survival estimation},
  journal = {Statistical Science},
  year = {2000},
  volume = {15},
  pages = {357-376},
  owner = {paul.conn},
  timestamp = {2013.05.24}
}

@ARTICLE{Brooks1999,
  author = {Brooks, S P and Roberts, G O},
  title = {Assessing convergence of {M}arkov Chain {M}onte {C}arlo algorithms},
  journal = {Statistics and Computing},
  year = {1999},
  volume = {8},
  pages = {319--335},
  owner = {paul.conn},
  timestamp = {2013.05.24}
}

@ARTICLE{Brown1982,
  author = {Brown, P. J.},
  title = {Multivariate calibration},
  journal = {Journal of the Royal Statistical Society, Series B (Methodological)},
  year = {1982},
  volume = {44},
  pages = {287-321},
  owner = {paul.conn},
  timestamp = {2013.05.24}
}

@BOOKLET{Brownie1985,
  title = {Statistical Inference From Band Recovery Data: A Handbook},
  author = {Brownie, C. and Anderson, D. R. and Burnham, K. P. and Robson, D.
	S.},
  howpublished = {US Fish and Wildlife Resource Publication (156)},
  address = {Washington, DC},
  year = {1985},
  owner = {paul.conn},
  timestamp = {2013.05.24}
}

@ARTICLE{Brownie1993,
  author = {Brownie, C. and Hines, J. E. and Nichols, J. D. and Pollock, K. H.
	and Hestbeck, J. B.},
  title = {Capture-recapture studies for multiple strata including non-Markovian
	transitions},
  journal = {Biometrics},
  year = {1993},
  volume = {49},
  pages = {1173-1187},
  owner = {paul.conn},
  timestamp = {2013.05.24}
}

@ARTICLE{Buckland2006,
  author = {Buckland, ST},
  title = {Point-transect surveys for songbirds: robust methodologies},
  journal = {Auk},
  year = {2006},
  volume = {123},
  pages = {345-357},
  owner = {paul.conn},
  timestamp = {2011.10.04}
}

@BOOK{BucklandEtAl2001,
  title = {Introduction to Distance Sampling: Estimating the abundance of biological
	populations},
  publisher = {Oxford University Press},
  year = {2001},
  author = {Buckland, S.T. and Anderson, D.R. and Burnham, K.P. and Laake, J.L.
	and Borchers, D.L. and Thomas, L.},
  address = {Oxford, U.K.},
  owner = {paul.conn},
  timestamp = {2011.06.10}
}

@ARTICLE{Buckland2010,
  author = {Buckland, S.T. and Laake, J.L. and Borchers, D.L.},
  title = {Double-observer line transect methods: Levels of independence},
  journal = {Biometrics},
  year = {2010},
  volume = {66},
  pages = {169-177},
  owner = {paul.conn},
  timestamp = {2011.10.05}
}

@ARTICLE{Buckland2004,
  author = {Buckland, S. T. and Newman, K. B. and Thomas, L. and Koester, N.},
  title = {State-space models for dynamics of wild animal populations},
  journal = {Ecological Modelling},
  year = {2004},
  volume = {171},
  pages = {157-175},
  owner = {paul.conn},
  timestamp = {2013.05.24}
}

@ARTICLE{Burnham1980,
  author = {Burnham, K.P. and Anderson, D.R. and Laake, J.L.},
  title = {Estimation of density for line transect sampling of biological populations},
  journal = {Wildlife Monographs},
  year = {1980},
  volume = {72},
  pages = {7-202},
  owner = {paul.conn},
  timestamp = {2011.10.04}
}

@INCOLLECTION{Burnham1993a,
  author = {Burnham, K. P.},
  title = {A theory for combined analysis of ring recovery and recapture data},
  booktitle = {Marked Individuals in the Study of Bird Populations},
  publisher = {Birkhauser},
  year = {1993},
  editor = {Lebreton, J. -D. and North, P. M.},
  pages = {199--213},
  address = {Switzerland},
  owner = {paul.conn},
  timestamp = {2013.05.24}
}

@BOOK{Burnham2002,
  title = {Model selection and multimodel inference: a practical information-theoretic
	approach, 2nd Edition},
  publisher = {Springer-Verlag},
  year = {2002},
  author = {Burnham, K. P. and Anderson, D. R.},
  address = {New York},
  owner = {paul.conn},
  timestamp = {2013.05.24}
}

@ARTICLE{Burnham1987,
  author = {Burnham, K. P. and Anderson, D. R. and White, G. C. and Brownie,
	C. and Pollock, K. H.},
  title = {Design and analysis methods for fish survival experiments based on
	release-recapture},
  journal = {American Fisheries Society Monograph},
  year = {1987},
  volume = {5},
  pages = {1-437},
  owner = {paul.conn},
  timestamp = {2013.05.24}
}

@ARTICLE{Burnham1979,
  author = {Burnham, K. P. and Overton, W. S.},
  title = {Robust estimation of population-size when capture probabilities vary
	among animals},
  journal = {Ecology},
  year = {1979},
  volume = {60},
  pages = {927--936},
  owner = {paul.conn},
  timestamp = {2013.05.24}
}

@ARTICLE{Burnham1993,
  author = {Burnham, K. P. and Rexstad, E. A.},
  title = {Modeling heterogeneity in survival rates of banded waterfowl},
  journal = {Biometrics},
  year = {1993},
  volume = {49},
  pages = {1194-1208},
  owner = {paul.conn},
  timestamp = {2013.05.24}
}

@ARTICLE{Bystrak1981,
  author = {Bystrak, D.},
  title = {The North American Breeding Bird Survey},
  journal = {Studies in Avian Biology},
  year = {1981},
  volume = {6},
  pages = {34-41},
  owner = {paul.conn},
  timestamp = {2012.06.04}
}

@ARTICLE{Calambokidis2004,
  author = {Calambokidis, J. and Barlow, J.},
  title = {Abundance of blue and humpback whales in the eastern North Pacific
	estimated by capture-recapture and line-transect methods},
  journal = {Marine Mammal Science},
  year = {2004},
  volume = {20},
  pages = {63-85},
  owner = {paul.conn},
  timestamp = {2009.12.21}
}

@INCOLLECTION{CalderEtAl2002,
  author = {Calder, C. A. and Holloman, C. and Higdon, D.},
  title = {Exploring space-time structure in ozone concentration using a dynamic
	process convolution model},
  booktitle = {Case Studies in Bayesian Statistics 6},
  publisher = {Springer-Verlag},
  year = {2002},
  editor = {Gatssonis, C. and Kass, R. E. and Carriquiry, A. and Gelman, A. and
	Higdon, D. and Pauler, D. K. and Verdinelli, I.},
  pages = {165-176},
  owner = {paul.conn},
  timestamp = {2013.12.13}
}

@ARTICLE{Caley2002,
  author = {Caley, P. and Hone, J.},
  title = {Estimating the force of infection; {\it Mycobacterium bovis} infection
	in feral ferrets {\it Mustela furo} in New Zealand},
  journal = {Journal of Animal Ecology},
  year = {2002},
  volume = {71},
  pages = {44-54},
  owner = {paul.conn},
  timestamp = {2013.05.24}
}

@TECHREPORT{Calkins:2008ve,
  author = {D. Calkins},
  title = {Final Report: Fixed gear - marine mammal interaction study},
  institution = {North Pacific Wildlife Consulting, LLC.},
  year = {2008}
}

@ARTICLE{Calver2005,
  author = {Calver, A. M. and Gauthier, G.},
  title = {Effects of exceptional conservation measures on survival and seasonal
	hunting mortality in greater snow geese},
  journal = {Journal of Applied Ecology},
  year = {2005},
  volume = {42},
  pages = {442--454},
  owner = {paul.conn},
  timestamp = {2013.05.24}
}

@ARTICLE{Calvert2009,
  author = {Calvert, A. M. and Bonner, S. J. and Jonsen, I. D. and Fleming, J.
	M. and Walde, S. J. and Taylor, P. D.},
  title = {A hierarchical Bayesian approach to multi-state mark-recapture: simulations
	and applications},
  journal = {Jounral of Applied Ecology},
  year = {2009},
  volume = {46},
  pages = {610-620},
  owner = {paul.conn},
  timestamp = {2012.08.27}
}

@ARTICLE{Cam2002,
  author = {Cam, E. and Link, W. A. and Cooch, E. G. and Monnat, J. Y. and Danchin,
	E.},
  title = {Individual covariation in life-history traits: Seeing the trees despite
	the forest},
  journal = {American Naturalist},
  year = {2002},
  volume = {159},
  pages = {96--105},
  owner = {paul.conn},
  timestamp = {2013.05.24}
}

@ARTICLE{Campell2005,
  author = {Campell, C. L. and Lagueux, C. J.},
  title = {Survival probability estimates for large juvenile and adult green
	turtles (Chelonia mydas) exposed to an artisanal marine fishery in
	the western Caribbean},
  journal = {Herpetologica},
  year = {2005},
  volume = {61},
  pages = {81--103},
  owner = {paul.conn},
  timestamp = {2013.05.24}
}

@ARTICLE{Carlin1995,
  author = {Carlin, B.P. and Chib, S.},
  title = {Bayesian model choice via {M}arkov chain {M}onte {C}arlo methods},
  journal = {Journal of the Royal Statistical Society B},
  year = {1995},
  volume = {57},
  pages = {473-485},
  owner = {paul.conn},
  timestamp = {2011.10.06}
}

@BOOK{Carlin2000,
  title = {Bayes and Empirical Bayes Methods for Data Analysis, 2nd Edition.},
  publisher = {Chapman \& Hall / CRC Press},
  year = {2000},
  author = {Carlin, B.P. and Louis, T.A.},
  address = {Boca Raton, FL},
  owner = {paul.conn},
  timestamp = {2013.05.24}
}

@BOOK{Carlin1996,
  title = {Bayes and Empirical Bayes Methods for Data Analysis.},
  publisher = {Chapman \& Hall},
  year = {1996},
  author = {Carlin, B.P. and Louis, T.A.},
  address = {London},
  owner = {paul.conn},
  timestamp = {2013.05.24}
}

@ARTICLE{Carothers1973,
  author = {Carothers, A. D.},
  title = {Effects of unequal catchability on Jolly-Seber estimates},
  journal = {Biometrics},
  year = {1973},
  volume = {29},
  pages = {79-100},
  owner = {paul.conn},
  timestamp = {2013.05.24}
}

@ARTICLE{CarterKohn1994,
  author = {Carter, C. K. and Kohn, R.},
  title = {On {G}ibbs sampling for state space models},
  journal = {Biometrika},
  year = {1994},
  volume = {81},
  pages = {541-553},
  owner = {paul.conn},
  timestamp = {2014.02.03}
}

@BOOK{Casella1990,
  title = {Statistical Inference},
  publisher = {Duxbury Press},
  year = {1990},
  author = {Casella, G. and Berger, R. L.},
  address = {Belmont, CA},
  owner = {paul.conn},
  timestamp = {2013.05.24}
}

@BOOK{Caswell2001,
  title = {Matrix Population Models, 2nd Edition},
  publisher = {Sinauer},
  year = {2001},
  author = {Caswell, H.},
  address = {Sunderland, MA},
  owner = {paul.conn},
  timestamp = {2013.05.24}
}

@ARTICLE{Catchpole1998,
  author = {Catchpole, E. A. and Freeman, S. N. and Morgan, B. J. T. and Harris,
	M. P.},
  title = {Integrated Recovery/recapture Data analysis},
  journal = {Biometrics},
  year = {1998},
  volume = {54},
  pages = {292--304},
  owner = {paul.conn},
  timestamp = {2013.05.24}
}

@ARTICLE{Catchpole1997,
  author = {Catchpole, E. A. and Morgan, B. J. T.},
  title = {Detecting parameter redundancy},
  journal = {Biometrics},
  year = {1997},
  volume = {84},
  pages = {187-196},
  owner = {paul.conn},
  timestamp = {2013.05.24}
}

@ARTICLE{Catchpole1996,
  author = {Catchpole, E. A. and Morgan, B. J. T.},
  title = {Model selection in ring-recovery models using score tests},
  journal = {Biometrics},
  year = {1996},
  volume = {52},
  pages = {664-672},
  owner = {paul.conn},
  timestamp = {2013.05.24}
}

@ARTICLE{Catchpole1994,
  author = {Catchpole, E. A. and Morgan, B. J. T.},
  title = {Boundary estimation in ring-recovery models},
  journal = {J.R. Statist.Soc.~B},
  year = {1994},
  volume = {56},
  pages = {917--919},
  number = {2},
  owner = {paul.conn},
  timestamp = {2013.05.24}
}

@TECHREPORT{Catchpole1992,
  author = {Catchpole, E. A. and Morgan, B. J. T.},
  title = {Aspects of boundary estimation in ring-recovery models},
  institution = {Institute of Mathematics and Statistics},
  year = {1992},
  number = {UKC/IMS/S92/9},
  address = {University of Kent, Canterbury, England},
  owner = {paul.conn},
  timestamp = {2013.05.24}
}

@BOOK{Caughley1977,
  title = {Analysis of vertebrate populations},
  publisher = {Wiley},
  year = {1977},
  author = {Caughley, G.},
  address = {London},
  owner = {paul.conn},
  timestamp = {2013.05.24}
}

@ARTICLE{Celeux2006,
  author = {Celeux, G. and Forbes, F. and Robert, C.P. and Titterington, D.M.},
  title = {Deviance information criterion for missing data models},
  journal = {Bayesian Analysis},
  year = {2006},
  volume = {1},
  pages = {651-674},
  owner = {paul.conn},
  timestamp = {2012.01.23}
}

@ELECTRONIC{Center2008updateddaily,
  author = {National Ice Center},
  year = {2008, updated daily},
  title = {IMS daily Northern Hemisphere snow and ice analysis at 4km and 24km
	resolution},
  howpublished = {Digital media},
  organization = {National Snow and Ice Data Center},
  address = {Boulder, Colorado},
  owner = {paul.conn},
  timestamp = {2012.07.23}
}

@ARTICLE{ChandlerEtAl2011,
  author = {Chandler, R. B. and Royle, J. A. and King, D. I.},
  title = {Inference about density and temporary emigration in unmarked populations},
  journal = {Ecology},
  year = {2011},
  volume = {92},
  pages = {1429-1435},
  owner = {paul.conn},
  timestamp = {2013.12.23}
}

@ARTICLE{Chaney2003,
  author = {Chaney, R. C. and Blemings, K. P. and Bonner, J. and Klandorf, H.},
  title = {Pentosodine as a measure of chronological age in wild birds},
  journal = {Auk},
  year = {2003},
  volume = {120},
  pages = {394--399},
  owner = {paul.conn},
  timestamp = {2013.05.24}
}

@BOOK{Charnov1993,
  title = {Life history invariants: some explorations of symmetry in evolutionary
	ecology},
  publisher = {Oxford University Press},
  year = {1993},
  author = {Charnov, E. L.},
  address = {Oxford},
  owner = {paul.conn},
  timestamp = {2013.05.24}
}

@ARTICLE{Chelgren2011a,
  author = {Chelgren, N.D. and Samora, B. and Adams, M.J. and Mc{C}reary, B.},
  title = {Using spatiotemporal models and distance sampling to map the space
	use and abundance of newly metamorphosed western toads ({\it Anaxyrus
	boreas})},
  journal = {Herpetological Conservation and Biology},
  year = {2011},
  volume = {6},
  pages = {175-190},
  owner = {paul.conn},
  timestamp = {2012.01.20}
}

@ARTICLE{Chelgren2011,
  author = {Chelgren, N. D. and Samora, B. and Adams, M. J. and Mc{C}reary, B.},
  title = {Using spatiotemporal models and distance sampling to map the space
	use and abundance of newly metamorphosed western toads ({A}naxyrus
	boreas)},
  journal = {Herpetological Conservation and Biology},
  year = {2011},
  volume = {6},
  pages = {175-190},
  owner = {paul.conn},
  timestamp = {2012.01.20}
}

@ARTICLE{Chen2004,
  author = {Chen, D. G.},
  title = {Bias and bias correction in fish recruitment prediction},
  journal = {North American Journal of Fisheries Management},
  year = {2004},
  volume = {24},
  pages = {724-730},
  owner = {paul.conn},
  timestamp = {2013.05.24}
}

@BOOK{Chen2000,
  title = {Monte Carlo Methods in Bayesian Computation},
  publisher = {Springer},
  year = {2000},
  author = {Chen, M. -H. and Shao, Q. -M. and Ibrahim, J. G.},
  address = {New York},
  owner = {paul.conn},
  timestamp = {2013.05.24}
}

@BOOK{ChernookEtAl1999,
  title = {Multispectral aerial survey of haulouts of ice seals},
  publisher = {PINRO Publications},
  year = {1999},
  author = {Chernook, V. I. and Kuznetsov, N. B. and Yakovenko, M. Ya.},
  address = {Murmansk, Russia},
  note = {(in Russian)},
  owner = {paul.conn},
  timestamp = {2013.07.22}
}

@MISC{Choquet2007a,
  author = {Choquet, R.},
  title = {E-SURGE 1-0 user's manual. CEFE UMR 5175, Montpellier, France.},
  year = {2007},
  owner = {paul.conn},
  timestamp = {2013.05.24},
  url = {http://ftp.cefe.cnrs.fr/biom/Soft-CR/}
}

@ARTICLE{Choquet2004,
  author = {Choquet, R. and Reboulet, A. -M. and Pradel, R. and Gimenez, O. and
	Lebreton, J. -D.},
  title = {M-SURGE: new software specifically designed for multistate capture-recapture
	models},
  journal = {Biodiversity and Conservation},
  year = {2004},
  volume = {27},
  pages = {207-215},
  owner = {paul.conn},
  timestamp = {2013.05.24}
}

@UNPUBLISHED{Choquet2007,
  author = {Choquet, R. and Rouan, L. and Pradel, R.},
  title = {Program E-SURGE: a software application for fitting multievent models},
  year = {2007},
  journal = {Environmental and Ecological Statistics},
  owner = {paul.conn},
  timestamp = {2013.05.24}
}

@ARTICLE{Choy2009,
  author = {Choy, S.L. and O'Leary R. and Mengersen, K.},
  title = {Elicitation by design in ecology: using expert opinion to inform
	priors for {B}ayesian statistical models},
  journal = {Ecology},
  year = {2009},
  volume = {90},
  pages = {265-277},
  owner = {paul.conn},
  timestamp = {2012.06.07}
}

@ARTICLE{Clark2005a,
  author = {Clark, J.S.},
  title = {Why environmental scientists are becoming Bayesians},
  journal = {Ecology Letters},
  year = {2005},
  volume = {8},
  pages = {2-14},
  owner = {paul.conn},
  timestamp = {2011.06.13}
}

@ARTICLE{Clark2005,
  author = {Clark, J. S. and Ferraz, G. and Oguge, N. and Hays, H. and Di{C}ostanzo,
	J.},
  title = {Hierarchical {B}ayes for structured, variable populations: from recapture
	data to life-history prediction},
  journal = {Ecology},
  year = {2005},
  volume = {86},
  pages = {2232-2244},
  owner = {paul.conn},
  timestamp = {2012.08.28}
}

@ARTICLE{Clark2004,
  author = {Clark, W. G.},
  title = {Nonparametric estimates of age misclassification from paired readings},
  journal = {Canadian Journal of Fisheries and Aquatic Sciences},
  year = {2004},
  volume = {61},
  pages = {1881-1889},
  owner = {paul.conn},
  timestamp = {2013.05.24}
}

@INCOLLECTION{Cleveland1992,
  author = {Cleveland, W. S. and Grosse, E. and Shyu, W. M.},
  title = {Local regression models},
  booktitle = {Statistical Models in S},
  publisher = {Wadsworth},
  year = {1992},
  editor = {Chambers, J. M. and Hastie, T. J.},
  owner = {paul.conn},
  timestamp = {2013.05.24}
}

@BOOK{Cochran1977,
  title = {Sampling Techniques, 3rd Edition},
  publisher = {Wiley},
  year = {1977},
  author = {Cochran, W.G.},
  address = {New York},
  owner = {paul.conn},
  timestamp = {2012.03.02}
}

@ARTICLE{Cohen1973,
  author = {Cohen, J. E.},
  title = {Selective host mortality in a catalytic model applied to schistosomiasis},
  journal = {American Naturalist},
  year = {1973},
  volume = {107},
  pages = {199-212},
  owner = {paul.conn},
  timestamp = {2013.05.24}
}

@BOOK{Collett2003,
  title = {Modelling {B}inary Data, 2nd Edition},
  publisher = {Chapman \& Hall/CRC},
  year = {2003},
  author = {Collett, D.},
  address = {Boca Raton, Florida},
  owner = {paul.conn},
  timestamp = {2012.06.27}
}

@ARTICLE{Conn2009a,
  author = {Conn, P.B. and Cooch, E.G.},
  title = {Multistate capture-recapture analysis under imperfect state observation:
	an application to disease models},
  journal = {Journal of Applied Ecology},
  year = {2009},
  volume = {46},
  pages = {486-492},
  owner = {paul.conn},
  timestamp = {2011.12.28}
}

@ARTICLE{Conn2010a,
  author = {Conn, P.B. and Cooch, E.G. and Caley, P.},
  title = {Accounting for detection probability when estimating force-of-infection
	from animal encounter data},
  journal = {Journal of Ornithology},
  year = {2010},
  volume = {Online early (DOI 10.1007/s10336-010-0591-z)},
  pages = {1-10},
  owner = {paul.conn},
  timestamp = {2011.08.11}
}

@INCOLLECTION{Conn2009,
  author = {Conn, P.B. and White, G.C. and Laake, J.L.},
  title = {Simulation performance of Bayesian estimators of abundance employing
	age-at-harvest and mark-recovery data},
  booktitle = {Modeling Demographic Processes in Marked Populations},
  publisher = {Springer},
  year = {2009},
  editor = {Thomson, D.L. and Cooch, E.G. and Conroy, M.J.},
  owner = {paul.conn},
  timestamp = {2011.09.14}
}

@ARTICLE{Conn2010,
  author = {Conn, P. B.},
  title = {Hierarchical analysis of multiple noisy abundance indices},
  journal = {Canadian Journal of Fisheres and Aquatic Sciences},
  year = {2010},
  volume = {67},
  pages = {108-120},
  owner = {paul.conn},
  timestamp = {2010.09.21}
}

@PHDTHESIS{Conn2007a,
  author = {Conn, P. B.},
  title = {Bayesian Analysis of Age-at-harvest Data, with Focus on Wildlife
	Monitoring Programs},
  school = {Colorado State University},
  year = {2007},
  address = {Fort Collins, CO, USA},
  owner = {paul.conn},
  timestamp = {2013.05.24}
}

@ARTICLE{Conn2006,
  author = {Conn, P. B. and Arthur, A. D. and Bailey, L. L. and Singleton, G.
	R.},
  title = {Estimating the abundance of mouse populations of known size: promises
	and pitfalls of new methods},
  journal = {Ecological Applications},
  year = {2006},
  volume = {16},
  pages = {829-837},
  owner = {paul.conn},
  timestamp = {2013.05.24}
}

@ARTICLE{Conn2007,
  author = {Conn, P. B. and Diefenbach, D. R.},
  title = {Adjusting age and stage distributions for misclassification errors},
  journal = {Ecology},
  year = {2007},
  volume = {88},
  pages = {1977-1983},
  owner = {paul.conn},
  timestamp = {2013.05.24}
}

@ARTICLE{Conn2008,
  author = {Conn, P. B. and Diefenbach, D. R. and Laake, J. L. and Ternent, M.
	A. and White, G. C.},
  title = {Bayesian analysis of wildlife age-at-harvest data},
  journal = {Biometrics},
  year = {2008},
  volume = {64},
  pages = {1170-1177},
  owner = {paul.conn},
  timestamp = {2010.01.21}
}

@ARTICLE{Conn2005,
  author = {Conn, P. B. and Doherty Jr., P. F. and Nichols, J. D.},
  title = {Comparative Demography of New World Populations of Thrushes (Turdus
	Spp.): Comment},
  journal = {Ecology},
  year = {2005},
  volume = {86},
  pages = {2536-2541},
  owner = {paul.conn},
  timestamp = {2013.05.24}
}

@ARTICLE{ConnEtAl2011,
  author = {Conn, P. B. and Gorgone, A. M. and Jugovich, A. R. and Byrd, B. L.
	and Hansen, L. J.},
  title = {Accounting for transients when estimating abundance of bottlenose
	dolphins in Choctawhatchee Bay, Florida},
  journal = {Journal of Wildlife Management},
  year = {2011},
  volume = {75},
  pages = {569-579},
  owner = {paul.conn},
  timestamp = {2014.01.06}
}

@ARTICLE{Conn2012a,
  author = {Conn, P. B. and Johnson, D. S. and London, J. M. and Boveng, P. L.},
  title = {Accounting for missing data when assessing availability in animal
	population surveys: an application to ice-associated seals in the
	{B}ering {S}ea},
  journal = {Methods in Ecology and Evolution},
  year = {2012},
  volume = {doi: 10.1111/j.2041-210X.2012.00238.x},
  owner = {paul.conn},
  timestamp = {2012.08.28}
}

@ARTICLE{Conn2012,
  author = {Conn, P. B. and Laake, J. L. and Johnson, D. S.},
  title = {A hierarchical modeling framework for multiple observer transect
	surveys},
  journal = {PLoS ONE},
  year = {2012},
  volume = {7},
  pages = {e42294},
  owner = {paul.conn},
  timestamp = {2012.06.07}
}

@ARTICLE{Conn2013,
  author = {Conn, P. B. and McClintock, B. T. and Cameron, M. F. and Johnson,
	D. S. and Moreland, E. E. and Boveng, P. L.},
  title = {Accommodating species identification errors in transect surveys},
  journal = {Ecology},
  year = {2013},
  volume = {94},
  pages = {2607-2618},
  owner = {paul.conn},
  timestamp = {2013.04.01}
}

@ARTICLE{ConnEtAl2014,
  author = {Conn, P. B. and Ver Hoef, J. M. and McClintock, B. T. and Moreland,
	E. E. and London, J. M. and Cameron, M. F. and Dahle, S. P. and Boveng,
	P. L.},
  title = {Estimating multispecies abundance using automated detection systems:
	ice-associated seals in the eastern {B}ering {S}ea},
  journal = {Methods in Ecology and Evolution},
  year = {Online Early},
  pages = {doi: 10.1111/2041-210X.12127},
  owner = {paul.conn},
  timestamp = {2013.07.18}
}

@BOOK{Cooch2005,
  title = {Program {MARK}: A {G}entle {I}ntroduction},
  year = {2005},
  author = {Cooch, E. G. and White, G. C.},
  address = {http://www.phidot.org/software/mark/docs/book/},
  owner = {paul.conn},
  timestamp = {2013.05.24}
}

@ARTICLE{Cook1979,
  author = {Cook, R. D.},
  title = {Influential observations in linear regression},
  journal = {Journal of the American Statistical Association},
  year = {1979},
  volume = {74},
  pages = {169-174},
  owner = {paul.conn},
  timestamp = {2013.07.10}
}

@ARTICLE{Corkrey2008,
  author = {Corkrey, R. and Brooks, S. and Lusseau, D. and Parsons, K. and Durban,
	J. W. and Hammond, P. S. and Thompson, P. M.},
  title = {A Bayesian capture-recapture population model with simulataneous
	estimation of heterogeneity},
  journal = {Journal of the American Statistical Association},
  year = {2008},
  volume = {103},
  pages = {948-960},
  owner = {paul.conn},
  timestamp = {2009.12.21}
}

@ARTICLE{Cornick:2006fu,
  author = {Leslie A. Cornick and William Neill and William E. Grant},
  title = {Assessing competition between {S}teller sea lions and the commercial
	groundfishery in {A}laska: {A} bioenergetics modelling approach},
  journal = {Ecological Modelling},
  year = {2006},
  volume = {199},
  pages = {107--114}
}

@ARTICLE{Costello2004,
  author = {Costello, C. M. and Inman, K. H. and Jones, D. E. and Inman, R. M.
	and Thompson, B. C. and Quigley, H. B.},
  title = {Reliability of the cementum annuli technique for estimating age of
	black bears in {N}ew {M}exico},
  journal = {Wildlife Society Bulletin},
  year = {2004},
  volume = {32},
  pages = {169-176},
  owner = {paul.conn},
  timestamp = {2013.05.24}
}

@ARTICLE{Cotter2004,
  author = {Cotter, A.J.R. and Buckland, S.T.},
  title = {Using the EM algorithm to weight data sets of unknown precision when
	modelling fish stocks},
  journal = {Mathematical Biosciences},
  year = {2004},
  volume = {190},
  pages = {1-7},
  owner = {paul.conn},
  timestamp = {2013.05.24}
}

@BOOK{Cox1984,
  title = {Analysis of Survival Data},
  publisher = {Chapman and Hall},
  year = {1984},
  author = {Cox, D. R. and Oakes, D.},
  address = {London},
  owner = {paul.conn},
  timestamp = {2013.05.24}
}

@ARTICLE{Coy1992,
  author = {Coy, P. L. and Garshelis, D. L.},
  title = {Reconstructing reproductive histories of black bears from incremental
	layering in dental cementum},
  journal = {Canadian Journal of Zoology},
  year = {1992},
  volume = {70},
  pages = {2150-2160},
  owner = {paul.conn},
  timestamp = {2013.05.24}
}

@BOOK{Cressie1993,
  title = {Statistics for spatial data, revised edition.},
  publisher = {Wiley},
  year = {1993},
  author = {Cressie, N. A. C.},
  address = {New York},
  owner = {paul.conn},
  timestamp = {2013.07.09}
}

@ARTICLE{Cressie2009,
  author = {Cressie, N. and Calder, C.A. and Clark, J.S. and Ver Hoef, J.M. and
	Wikle, C.K.},
  title = {Accounting for uncertainty in ecological analysis: the strengths
	and limitations of hierarchical statistical modeling},
  journal = {Ecological Applications},
  year = {2009},
  volume = {19},
  pages = {553-570},
  owner = {paul.conn},
  timestamp = {2011.06.13}
}

@BOOK{CressieWikle2011,
  title = {Statistics for spatio-temporal data},
  publisher = {Wiley},
  year = {2011},
  author = {Cressie, N. and Wikle, C. K.},
  address = {Hoboken, New Jersey},
  owner = {paul.conn},
  timestamp = {2013.12.04}
}

@ARTICLE{Czado2007,
  author = {Czado, C. and Erhardt, V. and Min, A. and Wagner, S.},
  title = {Zero-infated generalized Poisson models with regression effects on
	the mean, dispersion, and zero-inflation level applied to patent
	outsourcing rates},
  journal = {Statstical Modelling},
  year = {2007},
  volume = {7},
  pages = {125-153},
  owner = {paul.conn},
  timestamp = {2010.07.06}
}

@ARTICLE{Dempster1977a,
  author = {Dempster, A.P. and Laird, N.M. and Rubin, D.B.},
  title = {Maximum likelihood from incomplete data via the EM algorithm},
  journal = {Journal of the Royal Statistical Society B},
  year = {1977},
  volume = {39},
  pages = {1-38},
  owner = {paul.conn},
  timestamp = {2012.06.06}
}

@ARTICLE{Dempster1977,
  author = {Dempster, A. P. and Laird, N. M. and Rubin, D. B.},
  title = {Maximum likelihood from incomplete data via the EM algorithm},
  journal = {Journal of the Royal Statistical Society B (Methodological)},
  year = {1977},
  volume = {39},
  pages = {1-38},
  owner = {paul.conn},
  timestamp = {2012.08.28}
}

@ARTICLE{Deriso2007,
  author = {Deriso, R. B. and Maunder, M. N. and Skalski, J. R.},
  title = {Variance estimation in integrated assessment models and it's importance
	for hypothesis testing},
  journal = {Canadian Journal of Fisheries and Aquatic Sciences},
  year = {2007},
  volume = {64},
  pages = {187-197},
  owner = {paul.conn},
  timestamp = {2013.05.24}
}

@ARTICLE{Deriso1985,
  author = {Deriso, R. B. and Quinn, T. J. II and Neal, P. R.},
  title = {Catch-age analysis with auxiliary information},
  journal = {Canadian Journal of Fisheries and Aquatic Sciences},
  year = {1985},
  volume = {42},
  pages = {815-824},
  owner = {paul.conn},
  timestamp = {2013.05.24}
}

@ARTICLE{Diefenbach1998,
  author = {Diefenbach, D. R. and Alt, G. L.},
  title = {Modeling and evaluation of ear tag loss in black bears},
  journal = {Journal of Wildlife Management},
  year = {1998},
  volume = {62},
  pages = {1292--1300},
  owner = {paul.conn},
  timestamp = {2013.05.24}
}

@ARTICLE{Diefenbach2004,
  author = {Diefenbach, D. R. and Laake, J. L. and Alt, G. L.},
  title = {Spatio-temporal and demographic variation in the harvest of black
	bears: Implications for population estimation},
  journal = {Journal of Wildlife Management},
  year = {2004},
  volume = {68},
  pages = {947--959},
  owner = {paul.conn},
  timestamp = {2013.05.24}
}

@ARTICLE{Diefenbach2007,
  author = {Diefenbach, D. R. and Marshall, M.R. and Mattice, J.A. and Brauning,
	D.W.},
  title = {Incorporating availability for detection in estimates of bird abundance},
  journal = {The Auk},
  year = {2007},
  volume = {124},
  pages = {96-106},
  owner = {paul.conn},
  timestamp = {2011.07.05}
}

@ARTICLE{Dillingham:2006fv,
  author = {Peter W. Dillingham and John R. Skalski and Kristen E. Ryding},
  title = {Fine-scale geographic interactions between {S}teller sea lion (\textit{{E}umetopias
	jubatus}) trends and local fisheries},
  journal = {Canadian Journal of Fisheries and Aquatic Sciences},
  year = {2006},
  volume = {63},
  pages = {107--119}
}

@ARTICLE{Dorazio2012,
  author = {Dorazio, R. M. and Rodr\'{i}guez, D. T.},
  title = {A {G}ibbs sampler for {B}ayesian analysis of site-occupancy data},
  journal = {Methods in Ecology and Evolution},
  year = {2012},
  volume = {doi: 10.1111/j.2041-210X.2012.00237.x},
  owner = {paul.conn},
  timestamp = {2012.08.28}
}

@ARTICLE{Dorazio2003,
  author = {Dorazio, R. M. and Royle, J. A.},
  title = {Mixture models for estimating the size of a closed population when
	capture rates vary among individuals},
  journal = {Biometrics},
  year = {2003},
  volume = {59},
  pages = {351--364},
  owner = {paul.conn},
  timestamp = {2013.05.24}
}

@ARTICLE{Dorn2002,
  author = {Dorn, M. W.},
  title = {Advice on West Coast rockfish harvest rates from {B}ayesian meta-analysis
	of stock-recruit relationships},
  journal = {North American Journal of Fisheries Management},
  year = {2002},
  volume = {22},
  pages = {280-300},
  owner = {paul.conn},
  timestamp = {2013.05.24}
}

@BOOK{Draper1966,
  title = {Applied Regression Analysis},
  publisher = {John Wiley \& Sons},
  year = {1966},
  author = {Draper, N. R. and Smith, H.},
  address = {New York},
  owner = {paul.conn},
  timestamp = {2013.05.24}
}

@ARTICLE{Drummer1987,
  author = {Drummer, T.D. and Mcdonald, L.L.},
  title = {Size bias in line transect sampling},
  journal = {Biometrics},
  year = {1987},
  volume = {43},
  pages = {13-21},
  owner = {paul.conn},
  timestamp = {2011.10.05}
}

@ARTICLE{Dupont1983,
  author = {Dupont, W. D.},
  title = {A stochastic catch-effort method for estimating animal abundance},
  journal = {Biometrics},
  year = {1983},
  volume = {39},
  pages = {1021-1033},
  owner = {paul.conn},
  timestamp = {2013.05.24}
}

@ARTICLE{Dupuis1995,
  author = {Dupuis, J. A.},
  title = {Bayesian estimation of movement and survival probabilities from capture-recapture
	data},
  journal = {Biometrika},
  year = {1995},
  volume = {82},
  pages = {761-772},
  number = {4},
  owner = {paul.conn},
  timestamp = {2013.05.24}
}

@ARTICLE{Dupuis2007,
  author = {Dupuis, J. A. and Schwarz, C. J.},
  title = {A Bayesian approach to the multistate Jolly-Seber capture-recapture
	model},
  journal = {Biometrics},
  year = {2007},
  volume = {63},
  pages = {1015-1022},
  owner = {paul.conn},
  timestamp = {2012.08.27}
}

@ARTICLE{Durban2005,
  author = {Durban, J. W. and Elston, D.A.},
  title = {Mark-recapture with occasional and individual effects: abundance
	estimation through {B}ayesian model selection in a fixed dimensional
	parameter space},
  journal = {Journal of Agricultural, Biological, and Environmental Statistics},
  year = {2005},
  volume = {10},
  pages = {291-305},
  owner = {paul.conn},
  timestamp = {2011.10.06}
}

@ARTICLE{DurbinKoopman2002,
  author = {Durbin, J. and Koopman, S. J.},
  title = {A simple and efficient simulation smoother for state space time series
	analysis},
  journal = {Biometrika},
  year = {2002},
  volume = {89},
  pages = {603-615},
  owner = {paul.conn},
  timestamp = {2014.02.19}
}

@ARTICLE{EhrenbergBound1993,
  author = {Ehrenberg, A. and Bound, J.},
  title = {Predicatibility and prediction},
  journal = {Journal of the Royal Statistical Society A},
  year = {1993},
  volume = {156},
  pages = {167-206},
  owner = {paul.conn},
  timestamp = {2013.07.18}
}

@ARTICLE{ElithLeathwick2009,
  author = {Elith, J. and Leathwick, J. R.},
  title = {Species distribution models: ecological explanation and prediction
	across space and time},
  journal = {Annual Review of Ecology, Evolution, and Systematics},
  year = {2009},
  volume = {40},
  pages = {677-697},
  owner = {paul.conn},
  timestamp = {2013.07.09}
}

@ARTICLE{Ellis1995,
  author = {Ellis, D.M. and DeMartini, E.E.},
  title = {Evaluation of a video camera technique for indexing abundance of
	juvenile pink snapper, {\it Pristipomoides filamentosus}, and other
	Hawaiian insular shelf fishes},
  journal = {Fisheries Bulletin},
  year = {1995},
  volume = {93},
  pages = {67-77},
  owner = {paul.conn},
  timestamp = {2010.07.06}
}

@ARTICLE{Faustino2004,
  author = {Faustino, C. R. and Jennelle, C. S. and Connolly, V. and Davis, A.
	K. and Swarthout, E. C. and Dhondt, A. A. and Cooch, E. G.},
  title = {infection dynamics in a house finch population: seasonal variation
	in survival, encounter, and transmission rate},
  journal = {Journal of Animal Ecology},
  year = {2004},
  volume = {73},
  pages = {651-669},
  owner = {paul.conn},
  timestamp = {2013.05.24}
}

@TECHREPORT{Ferrero:1994hc,
  author = {R. C. Ferrero and L. W. Fritz},
  title = {Comparisons of Walleye Pollock, \textit{{T}heragra chalcogramma},
	Harvest to {S}teller Sea Lion, \textit{{E}umetopias jubatus}, Abundance
	in the {B}ering {S}ea and {G}ulf of {A}laska},
  institution = {NOAA},
  year = {1994},
  number = {NMFS-AFSC-43}
}

@ARTICLE{Fieberg2010,
  author = {Fieberg, J.R. and Shertzer, K.W. and Conn, P.B.},
  title = {Integrated population modeling of black bears in {M}innesota: Implications
	for monitoring and management},
  journal = {PLoS ONE},
  year = {2010},
  volume = {5},
  pages = {e12114},
  owner = {paul.conn},
  timestamp = {2011.09.13}
}

@ARTICLE{FinkEtAl2010,
  author = {Fink, D. and Hochachka, W. M. and Zuckerberg, B. and Winkler, D.
	W. and Shaby, B. and Munson, M. A. and Hooker, G. and Riedewald,
	M. and Sheldon, D. and Kelling, S.},
  title = {Spatiotemporal exploratory models for broad-scale survey data},
  journal = {Ecological Applications},
  year = {2010},
  volume = {20},
  pages = {2131--2147},
  number = {8},
  publisher = {Eco Soc America}
}

@ARTICLE{FinleyEtAl2009,
  author = {Finley, A. O. and Sang, H. and Banerjee, S. and Gelfand, A. E.},
  title = {Improving the performance of predictive process modeling for large
	datasets},
  journal = {Computational Statistics \& Data Analysis},
  year = {2009},
  volume = {53},
  pages = {2873-2884},
  owner = {paul.conn},
  timestamp = {2013.09.18}
}

@ARTICLE{Forney2000,
  author = {Forney, K.A.},
  title = {Environmental models of cetacean abundance: reducing uncertainty
	in population trends},
  journal = {Conservation Biology},
  year = {2000},
  volume = {14},
  pages = {1271-1286},
  owner = {paul.conn},
  timestamp = {2012.04.09}
}

@ARTICLE{Fournier1982,
  author = {Fournier, D. and Archibald, C. P.},
  title = {A general theory for analyzing catch at age data},
  journal = {Canadian Journal of Fisheries and Aquatic Sciences},
  year = {1982},
  volume = {39},
  pages = {1195-1207},
  owner = {paul.conn},
  timestamp = {2013.05.24}
}

@BOOK{Fox2002,
  title = {An R and S-Plus Companion to Applied Regression},
  publisher = {Sage Publications, Inc.},
  year = {2002},
  author = {Fox, J.},
  address = {Thousand Oaks, California},
  owner = {paul.conn},
  timestamp = {2013.05.24}
}

@ARTICLE{Fruhwirth1994,
  author = {Fr\"{u}hwirth-Schnatter, S.},
  title = {Data augmentation and dynamic linear models},
  journal = {Journal of Time Series Analysis},
  year = {1994},
  volume = {15},
  pages = {183-202},
  owner = {paul.conn},
  timestamp = {2014.02.03}
}

@ARTICLE{FrankeEtAl2012,
  author = {Franke, U. and Goll, B. and Hohmann, U. and Heurich, M.},
  title = {Aerial ungulate surveys with a combination of infrared and high-resolution
	natural colour images},
  journal = {Animal Biodiversity and Conservation},
  year = {2012},
  volume = {35},
  pages = {285-293},
  owner = {paul.conn},
  timestamp = {2013.07.22}
}

@ARTICLE{Freeman1950,
  author = {Freeman, M F and Tukey, J W},
  title = {Transformations related to the angular and square root},
  journal = {Ann.\ Math.\ Stat.},
  year = {1950},
  volume = {21},
  pages = {607--611},
  owner = {paul.conn},
  timestamp = {2013.05.24}
}

@ARTICLE{Freeman1992,
  author = {Freeman, S. N. and Morgan, B. J. T.},
  title = {A modelling strategy for recovery data from birds ringed as nestlings},
  journal = {Biometrics},
  year = {1992},
  volume = {48},
  pages = {217-236},
  owner = {paul.conn},
  timestamp = {2013.05.24}
}

@ARTICLE{Freeman1990,
  author = {Freeman, S. N. and Morgan, B. J. T.},
  title = {Studies in the analysis of ring-recovery data},
  journal = {The Ring},
  year = {1990},
  volume = {13},
  pages = {271-288},
  number = {1-2},
  owner = {paul.conn},
  timestamp = {2013.05.24}
}

@ARTICLE{FretwellLucas1970,
  author = {Fretwell, S. D. and Lucas, H. L.},
  title = {On territorial behaviour and other factors influencing habitat distribution
	in birds},
  journal = {Acta Biotheoretica},
  year = {1970},
  volume = {19},
  pages = {16-36},
  owner = {paul.conn},
  timestamp = {2013.05.23}
}

@ARTICLE{Fujiwara2002,
  author = {Fujiwara, M. and Caswell, H.},
  title = {Estimating population projection matrices from multi-stage mark-recapture
	data},
  journal = {Ecology},
  year = {2002},
  volume = {83},
  pages = {3257-3265},
  owner = {paul.conn},
  timestamp = {2013.05.24}
}

@ARTICLE{Gamble2008,
  author = {Gamble, L. and Ravela, S. and McGarigal, K.},
  title = {Multi-scale features for identifying individuals in large biological
	databases: an application of pattern recognition technology to the
	marbled salamander Ambystoma opacum},
  journal = {Journal of Applied Ecology},
  year = {2008},
  volume = {45},
  pages = {170-180},
  owner = {paul.conn},
  timestamp = {2009.12.21}
}

@BOOK{Gamerman1997,
  title = {Markov Chain Monte Carlo: Stochastic Simulation for {Bayesian} Inference},
  publisher = {Chapman and Hall},
  year = {1997},
  author = {Gamerman, D.},
  address = {London},
  owner = {paul.conn},
  timestamp = {2013.05.24}
}

@ARTICLE{Garrett2000,
  author = {Garrett, E. S. and Zeger, S. L.},
  title = {Latent class model diagnosis},
  journal = {Biometrics},
  year = {2000},
  volume = {56},
  pages = {1055-1067},
  owner = {paul.conn},
  timestamp = {2013.05.24}
}

@INCOLLECTION{GelfandEtAl2013,
  author = {Gelfand, A. E. and Banerjee, S. and Finley, A. O.},
  title = {Spatial design for knot selection in knot-based dimension reduction
	models},
  booktitle = {Spatio-temporal Design: Advances in Efficient Data Acquisition},
  publisher = {Wiley},
  year = {2013},
  editor = {Mateu, J. and Muller, W. G.},
  owner = {paul.conn},
  timestamp = {2013.09.10}
}

@ARTICLE{Gelfand1998,
  author = {Gelfand, A. E. and Ghosh, S.K.},
  title = {Model choice: A minimum posterior predictive loss approach},
  journal = {Biometrika},
  year = {1998},
  volume = {85},
  pages = {1-11},
  owner = {paul.conn},
  timestamp = {2012.01.23}
}

@ARTICLE{Gelfand1995,
  author = {Gelfand, A. E. and Sahu, S. K. and Carlin, B. P.},
  title = {Efficient parameterization for normal linear mixed models},
  journal = {Biometrika},
  year = {1995},
  volume = {82},
  pages = {479-488},
  owner = {paul.conn},
  timestamp = {2013.05.24}
}

@BOOK{GelmanEtAl2004,
  title = {Bayesian Data Analysis, 2nd Edition},
  publisher = {Chapman and Hall},
  year = {2004},
  author = {Gelman, A. and Carlin, J. B. and Stern, H. S. and Rubin, D. B.},
  address = {Boca Raton},
  owner = {paul.conn},
  timestamp = {2013.05.24}
}

@TECHREPORT{Gelman1992a,
  author = {Gelman, A. and Meng, X-L and Stern, H. S.},
  title = {Bayesian tests for goodness of fit using tail area probabilities},
  institution = {University of California},
  year = {1992},
  owner = {paul.conn},
  timestamp = {2013.05.24}
}

@ARTICLE{Gelman1992,
  author = {Gelman, A. and Rubin, D. B.},
  title = {Inference from iterative simulation using multiple sequences (with
	discussion)},
  journal = {Statistical Science},
  year = {1992},
  volume = {7},
  pages = {457--511},
  owner = {paul.conn},
  timestamp = {2013.05.24}
}

@ARTICLE{Geromont2001,
  author = {Geromont, H. F. and Butterworth, D. S.},
  title = {Possible extensions to the ADAPT VPA model applied to western North
	Atlantic bluefin tuna, addressing in particular the need to account
	for ``additional variance"},
  journal = {Col. Vol. Sci. pap. ICCAT},
  year = {2001},
  volume = {52},
  pages = {1116-1129},
  owner = {paul.conn},
  timestamp = {2010.09.22}
}

@ARTICLE{Gibson2004,
  author = {Gibson, G. J. and Kleczkowski, A. and Gilligan, C. A.},
  title = {Bayesian analysis of botanical epidemics using stochastic compartmental
	models},
  journal = {Proceedings of the National Academy of Sciences},
  year = {2004},
  volume = {101},
  pages = {12120-12124},
  owner = {paul.conn},
  timestamp = {2013.05.24}
}

@ARTICLE{Gibson1998,
  author = {Gibson, G. J. and Renshaw, E.},
  title = {Estimating parameters in stochastic compartmental models using Markov
	chain methods},
  journal = {IMA Journal of Mathematics Applied in Medicine and Biology},
  year = {1998},
  volume = {15},
  pages = {19-40},
  owner = {paul.conn},
  timestamp = {2013.05.24}
}

@ARTICLE{Gilbert1973,
  author = {Gilbert, R. O.},
  title = {Approximations of bias in Jolly-Seber capture recapture model},
  journal = {Biometrics},
  year = {1973},
  volume = {29},
  pages = {501-526},
  owner = {paul.conn},
  timestamp = {2013.05.24}
}

@TECHREPORT{Gill1990,
  author = {Gill, R. B. and Beck, T. D. I.},
  title = {Black bear management plan 1990-1995},
  year = {1990},
  number = {Div. Rep. No. 15},
  intitution = {Colorado Division of Wildlife},
  owner = {paul.conn},
  timestamp = {2013.05.24}
}

@ARTICLE{Gimenez2007,
  author = {Gimenez, O. and Rossi, V. and Choquet, R. and Dehais, C. and Doris,
	B. and Varella, H. and Vila, J. and Pradel, R.},
  title = {State-space modelling of data on marked individuals},
  journal = {Ecological Modelling},
  year = {2007},
  volume = {206},
  pages = {431-438},
  owner = {paul.conn},
  timestamp = {2012.08.28}
}

@TECHREPORT{Giminez2005,
  author = {Giminez, O. and Brooks, S. P. and Morgan, B. J. T.},
  title = {Weak identifiability in mark-recapture and mark-recovery models},
  institution = {University of Kent},
  year = {2005},
  number = {UKC/IMS/05/27},
  owner = {paul.conn},
  timestamp = {2013.05.24}
}

@ARTICLE{Giminez2004,
  author = {Giminez, O. and Choquet, R. and Lebreton, J. -D.},
  title = {Parameter redundancy in multistate capture-recapture models},
  journal = {Biometric Journal},
  year = {2004},
  volume = {45},
  pages = {704--722},
  owner = {paul.conn},
  timestamp = {2013.05.24}
}

@ARTICLE{Giudice2012,
  author = {Giudice, J.H. and Fieberg, J.R. and Lenarz, M.S.},
  title = {Spending degrees of freedom in a poor economy: A case study of building
	a sightability model for moose in northeastern {M}innesota},
  journal = {Journal of Wildlife Management},
  year = {2012},
  volume = {76},
  pages = {75-87},
  owner = {paul.conn},
  timestamp = {2012.02.16}
}

@BOOK{GivensHoeting2005,
  title = {Computational Statistics},
  publisher = {Wiley},
  year = {2005},
  author = {Givens, G. H. and Hoeting, J. A.},
  address = {Hoboken, New Jersey},
  owner = {paul.conn},
  timestamp = {2013.05.24}
}

@ARTICLE{Gomez-Diaz2010,
  author = {Gomez-Diaz, Elena and Doherty, Paul F. Jr. and Duneau, D. and McCoy,
	K.D.},
  title = {Cryptic vector divergence masks vector-specific patterns of infection:
	an example from the marine cycle of Lyme borreliosis},
  journal = {Evolutionary Applications},
  year = {2010},
  volume = {3},
  pages = {391-401},
  owner = {paul.conn},
  timestamp = {2011.12.27}
}

@ARTICLE{Goodwin2006,
  author = {Goodwin, N. B. and Grant, A. and Perry, A. L. and Dulvy, N. K. and
	Reynolds, J. D.},
  title = {Life history correlates of density-dependent recruitment in marine
	fishes},
  journal = {Canadian Journal of Fisheries and Aquatic Sciences},
  year = {2006},
  volume = {63},
  pages = {494-509},
  owner = {paul.conn},
  timestamp = {2013.05.24}
}

@BOOK{Gotelli2001,
  title = {A Primer of Ecology, Third Edition},
  publisher = {Sinauer Associates, Inc.},
  year = {2001},
  author = {Gotelli, N. J.},
  address = {Sunderland, MA},
  owner = {paul.conn},
  timestamp = {2013.05.24}
}

@PHDTHESIS{Gove1997,
  author = {Gove, N. E.},
  title = {Using age-harvest data to estimate demographic parameters for wildlife
	populations},
  school = {University of Washington},
  year = {1997},
  address = {Seattle, WA, USA},
  owner = {paul.conn},
  timestamp = {2013.05.24}
}

@ARTICLE{Gove2002,
  author = {Gove, N. E. and Skalski, J. R. and Zager, P. and Townsend, R. L.},
  title = {Statistical models for population reconstruction using age-at-harvest
	data},
  journal = {Journal of Wildlife Management},
  year = {2002},
  volume = {66},
  pages = {310--320},
  owner = {paul.conn},
  timestamp = {2013.05.24}
}

@ARTICLE{Green1995,
  author = {Green, P J},
  title = {Reversible jump {M}arkov chain {M}onte {C}arlo computation and {B}ayesian
	model determination},
  journal = {Biometrika},
  year = {1995},
  volume = {82},
  pages = {711--732},
  owner = {paul.conn},
  timestamp = {2013.05.24}
}

@ARTICLE{Green2004,
  author = {Green, R. E.},
  title = {A new method for estimating the adult survival rate of the Corncrake
	{\it Crex crex} and comparison with estimates from ring-recovery
	and ring-recapture data},
  journal = {Ibis},
  year = {2004},
  volume = {146},
  pages = {501-508},
  owner = {paul.conn},
  timestamp = {2013.05.24}
}

@ARTICLE{Green2001,
  author = {Green, R. E. and Shaffer, N. and Wend, D.},
  title = {A method for ageing adult Corncrakes {\it Crex crex}},
  journal = {Ringing and Migration},
  year = {2001},
  volume = {20},
  pages = {352-357},
  owner = {paul.conn},
  timestamp = {2013.05.24}
}

@ARTICLE{Greenwood1973,
  author = {Greenwood, R. J. and Sargeant, A. B.},
  title = {Influence of radio packs on captive mallards and blue-winged teal},
  journal = {Journal of Wildlife Management},
  year = {1973},
  volume = {37},
  pages = {3--9},
  owner = {paul.conn},
  timestamp = {2013.05.24}
}

@ARTICLE{GroomEtAl2013,
  author = {Groom, G. and Stjernholm, M. and Nielsen, R. D. and Fleetwood, A.
	and Petersen, I. K.},
  title = {Remote sensing image data and automated analysis to describe marine
	bird distributions and abundance},
  journal = {Ecological Informatics},
  year = {2013},
  volume = {14},
  pages = {2-8},
  owner = {paul.conn},
  timestamp = {2013.07.22}
}

@ARTICLE{GuisanEtAl2002,
  author = {Guisan, A. and Edwards Jr., T. C. and Hastie, T.},
  title = {Generalized linear and generalized additive models in studies of
	species distributions: setting the scene},
  journal = {Ecological Modelling},
  year = {2002},
  volume = {157},
  pages = {89-100},
  owner = {paul.conn},
  timestamp = {2013.07.11}
}

@ARTICLE{GuisanThuiller2005,
  author = {Guisan, A. and Thuiller, W.},
  title = {Predicting species distribution: offering more than simple habitat
	models},
  journal = {Ecology Letters},
  year = {2005},
  volume = {8},
  pages = {993-1009},
  owner = {paul.conn},
  timestamp = {2013.07.09}
}

@ARTICLE{Gustafson2005,
  author = {Gustafson, P.},
  title = {On model expansion, model contraction, identifiability and prior
	information: Two illustrative scenarios involving mismeasured variables},
  journal = {Statistical Science},
  year = {2005},
  volume = {20},
  pages = {111-119},
  owner = {paul.conn},
  timestamp = {2013.05.24}
}

@BOOK{Haberman1998,
  title = {Elementary applied partial differential equations, Third Edition},
  publisher = {Chapman \& Hall},
  year = {1998},
  author = {Haberman, R.},
  address = {Upper Saddle River, New Jersey},
  owner = {paul.conn},
  timestamp = {2013.12.06}
}

@BOOK{Haddon2001,
  title = {Modelling and Quantitative Methods in Fisheries},
  publisher = {Chapman \& Hall},
  year = {2001},
  author = {Haddon, M.},
  address = {Boca Raton, Florida},
  owner = {paul.conn},
  timestamp = {2013.05.24}
}

@ARTICLE{Haltuch2008,
  author = {Haltuch, M. A. and Punt, A. E. and Dorn, M. W.},
  title = {Evaluating alternative estimators of fishery management reference
	points},
  journal = {Fisheries Research},
  year = {2008},
  volume = {94},
  pages = {290-303},
  owner = {paul.conn},
  timestamp = {2013.05.24}
}

@ARTICLE{Hamel2012,
  author = {Hamel, S. and Yoccoz, N. G. and Gaillard, Jean-Michel},
  title = {Statistical evaluation of parameters estimating autocorrelation and
	individual heterogeneity in longitudinal studies},
  journal = {Methods in Ecology and Evolution},
  year = {2012},
  volume = {doi: 10.1111/j.2041-210X.2012.00195.x},
  owner = {paul.conn},
  timestamp = {2012.07.10}
}

@BOOK{Hanski1999,
  title = {Metapopulation Ecology},
  publisher = {Oxford University Press},
  year = {1999},
  author = {Hanski,I.},
  address = {Oxford,U.K.},
  owner = {paul.conn},
  timestamp = {2011.07.15}
}

@ARTICLE{Harshyne1998,
  author = {Harshyne, W. A. and Diefenbach, D. R. and Alt, G. L. and Matson,
	G. M.},
  title = {Analysis of error from cementum-annuli age estimates of known-age
	Pennsylvania black bears},
  journal = {Journal of Wildlife Management},
  year = {1998},
  volume = {62},
  pages = {1281--1291},
  owner = {paul.conn},
  timestamp = {2013.05.24}
}

@BOOK{HastieTibshirani1999,
  title = {Generalized Additive Models},
  publisher = {Chapman \& Hall/CRC},
  year = {1999},
  author = {Hastie, T. J. and Tibshirani, R. J.},
  address = {Boca Raton, Florida},
  owner = {paul.conn},
  timestamp = {2013.05.24}
}

@ARTICLE{Hastings1970,
  author = {Hastings, W. K.},
  title = {Monte Carlo sampling methods using Markov chains and their applications},
  journal = {Biometrika},
  year = {1970},
  volume = {57},
  pages = {97-109},
  owner = {paul.conn},
  timestamp = {2013.05.24}
}

@ARTICLE{HedleyBuckland2004,
  author = {Hedley, S.L. and Buckland, S.T.},
  title = {Spatial models for line transect sampling},
  journal = {Journal of Agricultural, Biological, and Environmental Statistics},
  year = {2004},
  volume = {9},
  pages = {181-199},
  owner = {paul.conn},
  timestamp = {2011.10.06}
}

@ARTICLE{Heisey2006,
  author = {Heisey, D. M. and Joly, D. O. and Messier, F.},
  title = {The fitting of general force-of-infection models to wildlife disease
	prevalence data},
  journal = {Ecology},
  year = {2006},
  volume = {87},
  pages = {2356-2365},
  owner = {paul.conn},
  timestamp = {2013.05.24}
}

@ARTICLE{Heitjan1996,
  author = {Heitjan, D.F. and Basu, S.},
  title = {Distinguishing "Missing at random" and "Missing completely at random"},
  journal = {The American Statistician},
  year = {1996},
  volume = {50},
  pages = {207-213},
  owner = {paul.conn},
  timestamp = {2012.02.15}
}

@ARTICLE{Hennen:2006bs,
  author = {D. Hennen},
  title = {ASSOCIATIONS BETWEEN THE {A}LASKA {S}TELLER SEA LION DECLINE AND
	COMMERCIAL FISHERIES},
  journal = {Ecological Applications},
  year = {2006},
  volume = {16},
  pages = {704--717}
}

@ARTICLE{Hestbeck1991,
  author = {Hestbeck, J. B. and Nichols, J. D. and Malecki, R. A.},
  title = {Estimates of movement and site fidelity using mark-resight data of
	wintering Canada Geese},
  journal = {Ecology},
  year = {1991},
  volume = {72},
  pages = {523-533},
  owner = {paul.conn},
  timestamp = {2013.05.24}
}

@ARTICLE{Hewison1999,
  author = {Hewison, A. J. M. and Vincent, J. P. and Angibault, J. M. and Delorme,
	D. and Van Laere, G. and Gaillard, J. M.},
  title = {Tests of estimation of age from tooth wear on roe deer of known age:
	variation within and among populations},
  journal = {Canadian Journal of Zoology},
  year = {1999},
  volume = {77},
  pages = {58-67},
  owner = {paul.conn},
  timestamp = {2013.05.24}
}

@INCOLLECTION{Higdon2002,
  author = {Higdon, D.},
  title = {Space and space-time modeling using process convolutions},
  booktitle = {Quantitative methods for current environmental issues},
  publisher = {Springer},
  year = {2002},
  editor = {Anderson, C. W. and Barnett, V. and Chatwin, P. C. and El-Shaarawi,
	A. H.},
  pages = {37-56},
  address = {London},
  owner = {paul.conn},
  timestamp = {2013.12.10}
}

@ARTICLE{Higdon1998,
  author = {Higdon, D.},
  title = {A process-convolution approach to modelling temperatures in the {N}orth
	{A}tlantic {O}cean},
  journal = {Environmental and Ecological Statistics},
  year = {1998},
  volume = {5},
  pages = {173-190},
  owner = {paul.conn},
  timestamp = {2013.07.11}
}

@ARTICLE{Hilborn2002,
  author = {Hilborn, R.},
  title = {The dark side of reference points},
  journal = {Bulletin of Marine Science},
  year = {2002},
  volume = {70},
  pages = {403-408},
  owner = {paul.conn},
  timestamp = {2013.05.24}
}

@ARTICLE{Hilborn1979,
  author = {Hilborn, R.},
  title = {Comparison of fisheries control systems that utilize catch and effort
	data},
  journal = {Journal of the Fisheries Research Board of Canada},
  year = {1979},
  volume = {36},
  pages = {1477-1489},
  owner = {paul.conn},
  timestamp = {2013.05.24}
}

@BOOK{Hilborn1992,
  title = {Quantitative Fisheries Stock Assessment: Choice, Dynamics \& Uncertainty},
  publisher = {Chapman \& Hall},
  year = {1992},
  author = {Hilborn, R. and Walters, C. J.},
  address = {New York},
  owner = {paul.conn},
  timestamp = {2013.05.24}
}

@ARTICLE{HodgesReich2010,
  author = {Hodges, J.S. and Reich, B.J.},
  title = {Adding spatially-correlated errors can mess up the fixed effects
	you love},
  journal = {American Statistician},
  year = {2010},
  volume = {64},
  pages = {325-334},
  owner = {paul.conn},
  timestamp = {2012.01.10}
}

@ARTICLE{HoetingEtAl2000,
  author = {Hoeting, J. A. and Leecaster, M. and Bowden, D.},
  title = {An improved model for spatially correlated binary responses},
  journal = {Journal of Agricultural, Biological, and Environmental Statistics},
  year = {2000},
  volume = {5},
  pages = {102-114},
  owner = {paul.conn},
  timestamp = {2013.07.09}
}

@ARTICLE{HoetingEtAl1999,
  author = {Hoeting, J. A. and Madigan, D. and Raftery, A. E. and Volinsky, C.
	T.},
  title = {Bayesian model averaging: a tutorial},
  journal = {Statistical Science},
  year = {1999},
  volume = {14},
  pages = {382-417},
  owner = {paul.conn},
  timestamp = {2014.04.15}
}

@ARTICLE{Holmberg2008,
  author = {Holmberg, J. and Norman, B. and Arzoumanian, Z.},
  title = {Robust, comparable population metrics through collaborative photo-monitoring
	of whale sharks Rhincodon Typus},
  journal = {Ecological Applications},
  year = {2008},
  volume = {18},
  pages = {222-233},
  owner = {paul.conn},
  timestamp = {2009.12.21}
}

@ARTICLE{HolmesEtAl2007,
  author = {E. E. Holmes and L. W. Fritz and A. E. York and K. Sweeney},
  title = {Age-structured modeling reveals long-term declines in the natality
	of western {S}teller sea lions},
  journal = {Ecological Applications},
  year = {2007},
  volume = {17},
  pages = {2214--2232},
  number = {8}
}

@ARTICLE{HootenEtAl2003,
  author = {Hooten, M.B. and Larsen, D.R. and Wikle, C.K.},
  title = {Predicting the spatial distribution of ground flora on large domains
	using a hierarchical Bayesian model},
  journal = {Landscape Ecology},
  year = {2003},
  volume = {18},
  pages = {487-502},
  owner = {paul.conn},
  timestamp = {2012.01.13}
}

@ARTICLE{HootenWikle2010,
  author = {Hooten, M.B. and Wikle, C.K.},
  title = {Statistical agent-based models for discrete spatio-temporal systems},
  journal = {Journal of the American Statistical Association},
  year = {2010},
  volume = {105},
  pages = {236-248},
  owner = {paul.conn},
  timestamp = {2011.06.10}
}

@ARTICLE{HootenEtAl2007,
  author = {Hooten, M.B. and Wikle, C.K. and Dorazio, R.M. and Royle, J.A.},
  title = {Hierarchical spatio-temporal matrix models for characterizing invasions},
  journal = {Biometrics},
  year = {2007},
  volume = {63},
  pages = {558-567},
  owner = {paul.conn},
  timestamp = {2011.06.10}
}

@ARTICLE{HootenInpress,
  author = {Hooten, M. B. and Hanks, E. M. and Johnson, D. S. and Alldredge,
	M. W.},
  title = {Reconciling resource utilization and resource selection functions},
  journal = {Journal of Animal Ecology},
  year = {In press},
  owner = {paul.conn},
  timestamp = {2013.04.03}
}

@ARTICLE{HootenEtAl2013,
  author = {Hooten, M. B. and Hanks, E. M. and Johnson, D. S. and Alldredge,
	M. W.},
  title = {Reconciling resource utilization and resource selection functions},
  journal = {Journal of Animal Ecology},
  year = {2013},
  volume = {82},
  pages = {1146-1154},
  owner = {paul.conn},
  timestamp = {2013.12.09}
}

@ARTICLE{HootenHobbs2014,
  author = {Hooten, M. B. and Hobbs, N. T.},
  title = {A guide to {B}ayesian model selection for ecologists},
  journal = {Ecological Monographs},
  year = {In press},
  owner = {paul.conn},
  timestamp = {2014.05.07}
}

@ARTICLE{HootenWikle2008,
  author = {Hooten, M. B. and Wikle, C. K.},
  title = {A hierarchical {B}aysian non-linear spatio-temporal model for the
	spread of invasive species with application to the {E}urasian collared-dove},
  journal = {Environmental and Ecological Statistics},
  year = {2008},
  volume = {15},
  pages = {59-70},
  owner = {paul.conn},
  timestamp = {2013.12.09}
}

@ARTICLE{Huggins1990,
  author = {Huggins, R. M.},
  title = {Some practical aspects of a conditional likelihood approach to capture
	experiments},
  journal = {Biometrics},
  year = {1990},
  volume = {47},
  pages = {725--732},
  owner = {paul.conn},
  timestamp = {2013.05.24}
}

@ARTICLE{Huggins1989,
  author = {Huggins, R. M},
  title = {On the statistical analysis of capture-recapture experiments},
  journal = {Biometrika},
  year = {1989},
  volume = {76},
  pages = {133--140},
  owner = {paul.conn},
  timestamp = {2013.05.24}
}

@ARTICLE{HughesHaran2013,
  author = {Hughes, J. and Haran, M.},
  title = {Dimension reduction and alleviation of confounding for spatial generalized
	mixed models},
  journal = {Journal of the Royal Statistical Society B},
  year = {2013},
  volume = {75},
  pages = {139-159},
  owner = {paul.conn},
  timestamp = {2012.01.10}
}

@MASTERSTHESIS{Hui:2011uq,
  author = {Tabitha Cheng Yee Hui},
  title = {Steller Sea Lions and Fisheries: {C}ompetition at Sea?},
  school = {The University of British Columbia},
  year = {2011}
}

@ARTICLE{Ianelli2002,
  author = {Ianelli, J. N.},
  title = {Simulation analyses testing the robustness of productivity determinations
	from West Coast Pacific Ocean perch stock assessment data},
  journal = {North American Journal of Fisheries Management},
  year = {2002},
  volume = {22},
  pages = {301-310},
  owner = {paul.conn},
  timestamp = {2013.05.24}
}

@ELECTRONIC{PollockAssessment2011,
  author = {Ianelli, J. N. and Honkalehto, T. and Barbeau, S. and Kotwicki, S.
	and Aydin, K. and Williamson, N.},
  year = {2011},
  title = {Assessment of the walleye pollock stock in the eastern {Bering} sea},
  organization = {NOAA Alaska Fisheries Science Center},
  url = {http://www.afsc.noaa.gov/REFM/docs/2011/EBSpollock.pdf},
  owner = {paul.conn},
  timestamp = {2013.05.15}
}

@BOOK{Jeffreys1961,
  title = {Theory of Probability, 3rd Edition},
  publisher = {Oxford University Press},
  year = {1961},
  author = {Jeffreys, H.},
  address = {Oxford, England},
  owner = {paul.conn},
  timestamp = {2013.05.24}
}

@ARTICLE{Jennelle2007,
  author = {Jennelle, C. S. and Cooch, E. G. and Conroy, M. J. and Senar, J.
	C.},
  title = {State-specific detection probabilities and disease prevalence},
  journal = {Ecological Applications},
  year = {2007},
  volume = {17},
  pages = {154-167},
  owner = {paul.conn},
  timestamp = {2013.05.24}
}

@ARTICLE{JohnsonEtAl2010,
  author = {Johnson, D.S. and Laake, J.L. and Ver Hoef, J.M.},
  title = {A model-based approach for making ecological inference from distance
	sampling data},
  journal = {Biometrics},
  year = {2010},
  volume = {66},
  pages = {310-318},
  owner = {paul.conn},
  timestamp = {2011.06.10}
}

@ARTICLE{JohnsonEtAl2013,
  author = {Johnson, D. S. and Conn, P. B., and Hooten, M. and Ray, J. and Pond,
	B.},
  title = {A probit approach for spatio-temporal modeling of ecological occupancy
	data},
  journal = {Ecology},
  year = {2013},
  volume = {94},
  pages = {801-808},
  owner = {paul.conn},
  timestamp = {2011.12.22}
}

@ARTICLE{JohnsonEtAl2013b,
  author = {Johnson, D. S. and Ream, R. R. and Towell, R. G. and Williams, M.
	T. and Leon Guerrero, J. D.},
  title = {Bayesian clustering of animal abundance trends for inference and
	dimension reduction},
  journal = {Journal of Agricultural, Biological, and Environmental Statistics},
  year = {2013},
  volume = {18},
  pages = {299-313},
  owner = {paul.conn},
  timestamp = {2014.04.10}
}

@ARTICLE{JohnsonEtAl2008,
  author = {Johnson, Devin S and Thomas, Dana L and Ver Hoef, Jay M and Christ,
	Aaron},
  title = {A general framework for the analysis of animal resource selection
	from telemetry data},
  journal = {Biometrics},
  year = {2008},
  volume = {64},
  pages = {968--976},
  number = {3}
}

@ARTICLE{Jones1999,
  author = {Jones, G. and Rocke, D. M.},
  title = {Bootstrapping in controlled calibration},
  journal = {Technometrics},
  year = {1999},
  volume = {41},
  pages = {224-233},
  owner = {paul.conn},
  timestamp = {2013.05.24}
}

@ARTICLE{Kane1992,
  author = {Kane, D. M. and Litvaitis, J. A.},
  title = {Age and sex composition of live-captured and hunter-killed samples
	of black bears},
  journal = {Journal of Mammalogy},
  year = {1992},
  volume = {73},
  pages = {215--217},
  owner = {paul.conn},
  timestamp = {2013.05.24}
}

@ARTICLE{Karanth1998,
  author = {Karanth, K. U. and Nichols, J. D.},
  title = {Estimation of tiger densities in India using photographic captures
	and recaptures},
  journal = {Ecology},
  year = {1998},
  volume = {79},
  pages = {2852-2862},
  owner = {paul.conn},
  timestamp = {2009.12.21}
}

@ARTICLE{Karanth2006,
  author = {Karanth, K. U. and Nichols, J. D. and Kumar, N. S. and Hines, J.
	E.},
  title = {Assessing tiger population dynamics using photographic capture-recapture
	sampling},
  journal = {Ecology},
  year = {2006},
  volume = {87},
  pages = {2925-2937},
  owner = {paul.conn},
  timestamp = {2009.12.21}
}

@ARTICLE{Keay1995,
  author = {Keay, J. A.},
  title = {Accuracy of cementum age assignments for black bears},
  journal = {California Fish and Game},
  year = {1995},
  volume = {81},
  pages = {113-121},
  owner = {paul.conn},
  timestamp = {2013.05.24}
}

@ARTICLE{Keeling2000,
  author = {Keeling, M. J. and Gilligan, C. A.},
  title = {Bubonic plague: a metapopulation model of a zoonosis},
  journal = {Proceedings of the Royal Society of London B},
  year = {2000},
  volume = {267},
  pages = {2219-2230},
  owner = {paul.conn},
  timestamp = {2013.05.24}
}

@ARTICLE{Kendall2006,
  author = {Kendall, W. L. and Conn, P. B. and Hines, J. E.},
  title = {Combining multistate capture-recapture data with tag recoveries to
	estimate demographic parameters},
  journal = {Ecology},
  year = {2006},
  volume = {87},
  pages = {169-177},
  owner = {paul.conn},
  timestamp = {2012.08.28}
}

@ARTICLE{Kendall2003,
  author = {Kendall, W. L. and Hines, J. E. and Nichols, J. D.},
  title = {Adjusting multistate capture-recapture models for misclassification
	bias: Manatee breeding proportions},
  journal = {Ecology},
  year = {2003},
  volume = {84},
  pages = {1058-1066},
  owner = {paul.conn},
  timestamp = {2013.05.24}
}

@ARTICLE{Kendall2002,
  author = {Kendall, W. L. and Nichols, J. D.},
  title = {Estimating state-transition probabilities for unobservable states
	using capture-recapture/resighting data},
  journal = {Ecology},
  year = {2002},
  volume = {83},
  pages = {3276-3284},
  owner = {paul.conn},
  timestamp = {2013.05.24}
}

@ARTICLE{Kendall2012,
  author = {Kendall, W. L. and White, G. C. and Hines, J. E. and Langtimm, C.
	A. and Yoshizaki, J.},
  title = {Estimating parameters of hidden Markov models based on marked animals:
	use of robust design data},
  journal = {Ecology},
  year = {2012},
  volume = {93},
  pages = {913-920},
  owner = {paul.conn},
  timestamp = {2012.10.09}
}

@ARTICLE{KissellEtAl2011,
  author = {Kissell Jr., R. E. and Nimmo, S. K.},
  title = {A technique to estimate white-tailed deer {\it Odocoileus virginanus}
	density using vertical-looking infrared imagery},
  journal = {Wildlife Biology},
  year = {2011},
  volume = {17},
  pages = {85-92},
  owner = {paul.conn},
  timestamp = {2013.07.22}
}

@ARTICLE{Kordek1980,
  author = {Kordek, W. S. and J. S. Lindzey},
  title = {Preliminary analysis of female reproductive tracts from Pennsyvania
	black bears},
  journal = {International Conference on Bear Research and Management},
  year = {1980},
  volume = {4},
  pages = {159-161},
  owner = {paul.conn},
  timestamp = {2013.05.24}
}

@INCOLLECTION{Laake2004,
  author = {Laake, J.L. and Borchers, D.L.},
  title = {Methods for incomplete detection at distance zero},
  booktitle = {Advanced Distance Sampling},
  publisher = {Oxford University Press},
  year = {2004},
  editor = {Buckland, S.T. and Anderson, D.R. and Burnham, K.P. and Laake, J.L.
	and Borchers, D.L. and Thomas, L.},
  pages = {108-189},
  address = {Oxford, U.K.},
  owner = {paul.conn},
  timestamp = {2012.02.27}
}

@PHDTHESIS{Laake1992,
  author = {Laake, J. L.},
  title = {Catch-effort models and their application to elk in Colorado},
  school = {Colorado State University},
  year = {1992},
  address = {Fort Collins, CO, USA},
  owner = {paul.conn},
  timestamp = {2013.05.24}
}

@ARTICLE{Lachish2007,
  author = {Lachish, S. and Jones, M. and Mc{C}allum, H.},
  title = {The impact of disease on the survival and population growth rate
	of the Tasmanian devil},
  journal = {Journal of Applied Ecology},
  year = {2007},
  volume = {76},
  pages = {926-936},
  owner = {paul.conn},
  timestamp = {2012.08.27}
}

@ARTICLE{Langtimm1998,
  author = {Langtimm, C. A. and O'Shea, T. J. and Pradel, R. and Beck, C. A.},
  title = {Estimates of annual survival probabilities for adult Florida manatees
	(Trichechus manatus latirostris)},
  journal = {Ecology},
  year = {1998},
  volume = {79},
  pages = {981-997},
  owner = {paul.conn},
  timestamp = {2009.12.21}
}

@ARTICLE{LatimerEtAl2009,
  author = {Latimer, A. M. and Banerjee, S. and Sang, H. and Moshner, E. S. and
	Silander Jr., J. A.},
  title = {Hierarichical models facilitate spatial analysis of large data sets:
	a case study on invasive plant species in the northern {U}nited {S}tates},
  journal = {Ecology Letters},
  year = {2009},
  volume = {12},
  pages = {144-154},
  owner = {paul.conn},
  timestamp = {2013.07.09}
}

@ARTICLE{Latour2003,
  author = {Latour, R. J. and Hoenig, J. M. and Hepworth, D. A. and Frusher,
	S. D.},
  title = {A novel tag-recovery model with two size classes for estimating fishing
	and natural mortality, with implications for the southern rock lobster
	(Jasus edwardsii) in Tasmania, Australia},
  journal = {ICES Journal of Marine Science},
  year = {2003},
  volume = {60},
  pages = {1075--1085},
  owner = {paul.conn},
  timestamp = {2013.05.24}
}

@ARTICLE{Lebreton1992,
  author = {Lebreton, J. -D. and Burnham, K. P. and Clobert, J. and Anderson,
	D. R.},
  title = {Modeling survival and testing biological hypotheses using marked
	animals: a unified approach with case studies},
  journal = {Ecological Monographs},
  year = {1992},
  volume = {62},
  pages = {67-118},
  owner = {paul.conn},
  timestamp = {2013.05.24}
}

@ARTICLE{Lee1994,
  author = {Lee, S. M. and Chao, A.},
  title = {Estimating population-size via sample coverage for closed capture-recapture
	models},
  journal = {Biometrics},
  year = {1994},
  volume = {50},
  pages = {88--97},
  owner = {paul.conn},
  timestamp = {2013.05.24}
}

@ARTICLE{Legendre1993,
  author = {Legendre, P.},
  title = {Spatial autocorrelation: trouble or new paradigm?},
  journal = {Ecology},
  year = {1993},
  volume = {74},
  pages = {1659-1673},
  owner = {paul.conn},
  timestamp = {2013.07.11}
}

@ARTICLE{Lele2012,
  author = {Lele, S.R. and Moreno, M. and Bayne, E.},
  title = {Dealing with detection error in site
	
	occupancy surveys: what can we do
	
	with a single survey?},
  journal = {Journal of Plant Ecology},
  year = {2012},
  volume = {5},
  pages = {22-31},
  owner = {paul.conn},
  timestamp = {2012.02.16}
}

@ARTICLE{LeleKeim2006,
  author = {Lele, S. R. and Keim, J. L.},
  title = {Weighted distributions and estimation of resource selection probability
	functions},
  journal = {Ecology},
  year = {2006},
  volume = {87},
  pages = {3021-3028},
  owner = {paul.conn},
  timestamp = {2013.12.10}
}

@ARTICLE{Lescroel2009,
  author = {Lescroel, A. and Dugger, K. M. and Ballard, G. and Ainley, D. G.},
  title = {Effects of individual quality, reproductive success and environmental
	variability on survival of a long-lived seabird},
  journal = {Journal of Animal Ecology},
  year = {2009},
  volume = {78},
  pages = {798-806},
  owner = {paul.conn},
  timestamp = {2012.08.27}
}

@ARTICLE{Lewy2003,
  author = {Lewy, P. and Nielson, A.},
  title = {Modelling stochastic fish stock dynamics using Markov Chain Monte
	Carlo},
  journal = {ICES Journal of Marine Science},
  year = {2003},
  volume = {60},
  pages = {743-752},
  owner = {paul.conn},
  timestamp = {2013.05.24}
}

@ARTICLE{LiangZeger1986,
  author = {Liang, K. and Zeger, S. L.},
  title = {Longitudinal data analysis using generalized linear models},
  journal = {Biometrika},
  year = {1986},
  volume = {73},
  pages = {13-22},
  owner = {paul.conn},
  timestamp = {2013.05.24}
}

@ARTICLE{LichsteinEtAl2002,
  author = {Lichstein, J.W. and Simons, T.R. and Shriner, S.A. and Franzreb,
	K. E.},
  title = {Spatial autocorrelation and autoregressive models in ecology},
  journal = {Ecological Monographs},
  year = {2002},
  volume = {72},
  pages = {445-463},
  owner = {xconn},
  timestamp = {2011.06.22}
}

@ARTICLE{Liermann1997,
  author = {Liermann, M. and Hilborn, R.},
  title = {Depensation in fish stocks: a hierarchical {B}ayesian meta-analysis},
  journal = {Canadian Journal of Fisheries and Aquatic Sciences},
  year = {1997},
  volume = {54},
  pages = {1976-1984},
  owner = {paul.conn},
  timestamp = {2013.05.24}
}

@ARTICLE{Link2013,
  author = {Link, W. A.},
  title = {A cautionary note on the discrete uniform prior for the binomial
	N},
  journal = {Ecology},
  year = {2013},
  volume = {94},
  pages = {2173-2179},
  owner = {paul.conn},
  timestamp = {2014.01.31}
}

@ARTICLE{Link2003a,
  author = {Link, W. A.},
  title = {Nonidentifiability of population size from capture-recapture data
	with heterogeneous detection probabilities},
  journal = {Biometrics},
  year = {2003},
  volume = {59},
  pages = {1123--1130},
  owner = {paul.conn},
  timestamp = {2013.05.24}
}

@ARTICLE{Link2008,
  author = {Link, W. A. and Barker, R. J.},
  title = {Efficient implementation of the Metropolis-Hastings algorithm, with
	application to the Cormack-Jolly-Seber model},
  journal = {Environmental and Ecological Statistics},
  year = {2008},
  volume = {15},
  pages = {79-87},
  owner = {paul.conn},
  timestamp = {2010.01.28}
}

@ARTICLE{Link2006,
  author = {Link, W. A. and Barker, R. J.},
  title = {Model weights and the foundations of multimodel inference},
  journal = {Ecology},
  year = {2006},
  volume = {87},
  pages = {2626-2635},
  owner = {paul.conn},
  timestamp = {2013.05.24}
}

@ARTICLE{Link2005,
  author = {Link, W. A. and Barker, R. J},
  title = {Modeling association among demographic parameters in analysis of
	open populiation capture-recapture data},
  journal = {Biometrics},
  year = {2005},
  volume = {61},
  pages = {46--54},
  owner = {paul.conn},
  timestamp = {2013.05.24}
}

@ARTICLE{Link2003,
  author = {Link, W. A. and Royle, J. A. and Hatfield, J. S.},
  title = {Demographic analysis from summaries of an age-structured population},
  journal = {Biometrics},
  year = {2003},
  volume = {59},
  pages = {778--785},
  owner = {paul.conn},
  timestamp = {2013.05.24}
}

@ARTICLE{Link2009,
  author = {Link, W. A. and Yoshizaki, J. and Bailey, L. L. and Pollock, K. H.},
  title = {Uncovering a latent multinomial: analysis of mark-recapture data
	with misidentification},
  journal = {Biometrics},
  year = {2009},
  volume = {Online Early},
  pages = {10.1111/j.1541-0420.2009.01244.x},
  owner = {paul.conn},
  timestamp = {2009.12.21}
}

@BOOK{Link2010,
  title = {Bayesian Inference with Ecological Applications},
  publisher = {Academic Press},
  year = {2010},
  author = {Link, W.A. and Barker, R.J.},
  address = {London, U.K.},
  owner = {paul.conn},
  timestamp = {2011.10.06}
}

@ARTICLE{Link2002,
  author = {Link, W.A. and Cam, E. and Nichols, J.D. and Cooch, E.G.},
  title = {Of BUGS and birds: Markov chain Monte Carlo for hierarchical modeling
	in wildlife research},
  journal = {Journal of Wildlife Management},
  year = {2002},
  volume = {66},
  pages = {277-291},
  owner = {paul.conn},
  timestamp = {2011.06.14}
}

@ARTICLE{Linton2008,
  author = {Linton, B. C. and Bence, J. R.},
  title = {Evaluating methods for estimating process and observation error in
	statistical catch-at-age analysis},
  journal = {Fisheries Research},
  year = {2008},
  volume = {94},
  pages = {26-35},
  owner = {paul.conn},
  timestamp = {2013.05.24}
}

@BOOK{Littell1996,
  title = {SAS System for Mixed Models},
  publisher = {SAS Publishing},
  year = {1996},
  author = {Littell, R. C. and R. C. Milliken and W. W. Stroup and R. Wolfinger},
  address = {Cary, North Carolina},
  owner = {paul.conn},
  timestamp = {2013.04.16}
}

@BOOK{Little1987,
  title = {Statistical Analysis with Missing Data},
  publisher = {Wiley},
  year = {1987},
  author = {Little, R.J.A. and Rubin, D.B.},
  address = {New York},
  owner = {paul.conn},
  timestamp = {2011.12.22}
}

@ARTICLE{Little1983,
  author = {Little, R.J.A. and Rubin, D.B.},
  title = {On jointly estimating parameters and missing data by maximizing the
	complete-data likelihood},
  journal = {The American Statistician},
  year = {1983},
  volume = {37},
  pages = {218-220},
  owner = {paul.conn},
  timestamp = {2012.06.06}
}

@ARTICLE{Lo1992,
  author = {Lo, N.C.H. and Jacobson, L.D. and Squire, J.L.},
  title = {Indices of relative abundance from fish spotter data based on delta-lognormal
	models},
  journal = {Canadian Journal of Fisheres and Aquatic Sciences},
  year = {1992},
  volume = {49},
  pages = {2515-2526},
  owner = {paul.conn},
  timestamp = {2010.07.06}
}

@INPROCEEDINGS{Loughlin:1989kl,
  author = {T. R. Loughlin and R.L. Merrick},
  title = {Comparison of commercial harvest of walleye pollock and northern
	sea lion abundance in the {B}ering {S}ea and {G}ulf of {A}laska},
  booktitle = {Proceedings of the International Symposium on Walleye Pollock},
  year = {1989},
  editor = {L. Lowery },
  pages = {679--699},
  organization = {Sea Grant Report 89-1, Univ. Alaska, Anchorage AK}
}

@ELECTRONIC{AtkaAssessment2012,
  author = {Lowe, S. and Ianelli, J. and Palsson, W.},
  year = {2012},
  title = {Assessment of the Atka Mackerel Stock in the {B}ering {S}ea/{A}leutian
	Islands},
  organization = {NOAA Alaska Fisheries Science Center},
  url = {http://www.afsc.noaa.gov/REFM/Docs/2012/BSAIatka.pdf},
  owner = {paul.conn},
  timestamp = {2013.05.15}
}

@MANUAL{Ltd2004,
  title = {An Introduction to AD Model Builder version 7.1.1},
  author = {Otter Research Ltd},
  address = {Box 2040, Sidney, British Columbia},
  year = {2004},
  owner = {paul.conn},
  timestamp = {2013.05.24}
}

@ARTICLE{Lukacs2005,
  author = {Lukacs, P.M. and Burnham, K.P.},
  title = {Estimating population size form DNA-based closed capture-recapture
	data incorporating genotyping error},
  journal = {Journal of Wildlife Management},
  year = {2005},
  volume = {69},
  pages = {396-403},
  owner = {paul.conn},
  timestamp = {2010.01.27}
}

@ARTICLE{Lunn2000,
  author = {Lunn, D.J. and Thomas, A. and Best, N. and Spiegelhalter, D.},
  title = {WinBUGS -- a Bayesian modelling framework: concepts, structure, and
	extensibility},
  journal = {Statistics and Computing},
  year = {2000},
  volume = {10},
  pages = {325-337},
  owner = {paul.conn},
  timestamp = {2010.09.21}
}

@ARTICLE{Mace1994,
  author = {Mace, P. M.},
  title = {Relationships between common biological reference points used as
	thresholds and targets of fisheries management strategies},
  journal = {Canadian Journal of Fisheries and Aquatic Sciences},
  year = {1994},
  volume = {51},
  pages = {110-122},
  owner = {paul.conn},
  timestamp = {2013.05.24}
}

@TECHREPORT{Mace1988,
  author = {Mace, P. M. and Doonan, I. J.},
  title = {A generalized bioeconomic simulation model for fish population dynamics},
  institution = {N.Z. Fisheries Assessment Resource Document},
  year = {1988},
  number = {88/4},
  owner = {paul.conn},
  timestamp = {2013.05.24}
}

@ARTICLE{MacKenzie2003,
  author = {MacKenzie,D.I. and Nichols,J.D. and Hines,J.E. and Knutson,M.G. and
	Franklin,A.B.},
  title = {Estimating site occupancy,colonization,and local extinction when
	a species is detected imperfectly},
  journal = {Ecology},
  year = {2003},
  volume = {84},
  pages = {2200-2207},
  owner = {paul.conn},
  timestamp = {2011.07.15}
}

@ARTICLE{MacKenzie2002,
  author = {MacKenzie, D.I. and Nichols, J.D. and Lachman, G.B. and Droege, S.
	and Royle, J.A. and Langtimm, C.A.},
  title = {Estimating site occupancy rates when detection probabilities are
	less than one},
  journal = {Ecology},
  year = {2002},
  volume = {83},
  pages = {2248-2255},
  owner = {paul.conn},
  timestamp = {2010.07.06}
}

@ARTICLE{Mackey2008,
  author = {Mackey, B. L. and Durban, J. W. and Middlemas, S. J. and Thompson,
	P. M.},
  title = {A Bayesian estimate of harbour seal survival using sparse photo-identification
	data},
  journal = {Journal of Zoology},
  year = {2008},
  volume = {274},
  pages = {18-27},
  owner = {paul.conn},
  timestamp = {2009.12.21}
}

@ARTICLE{Madigan1997,
  author = {Madigan, D. and York, J. C.},
  title = {Bayesian methods for estimation of the size of a closed population},
  journal = {Biometrika},
  year = {1997},
  volume = {84},
  pages = {19-31},
  owner = {paul.conn},
  timestamp = {2013.05.24}
}

@ARTICLE{Magnusson2007,
  author = {Magnusson, A. and Hilborn, R.},
  title = {What makes fisheries data informative},
  journal = {Fish and Fisheries},
  year = {2007},
  volume = {8},
  pages = {337-358},
  owner = {paul.conn},
  timestamp = {2013.05.24}
}

@MASTERSTHESIS{Malavear:2002zr,
  author = {M. Y. G. Malavear},
  title = {Modeling the energetics of {S}teller sea lions (\textit{{E}umetopias
	jubatus}) along the {O}regon coast},
  school = {Oregon State University},
  year = {2002}
}

@ARTICLE{Mangel:2010tg,
  author = {M. Mangel},
  title = {Scientific inference and experiment in {E}cosystem {B}ased {F}ishery
	{M}anagement, with application to {S}teller sea lions in the {B}ering
	{S}ea and {W}estern {G}ulf of {A}laska},
  journal = {Marine Policy},
  year = {2010},
  volume = {34},
  pages = {836--843}
}

@BOOK{Manly2010,
  title = {Resource selection by animals, 2nd Edition.},
  publisher = {Kluwer Academic Publishers},
  year = {2010},
  author = {Manly, B.F.J. and McDonald, L.L. and Thomas, D.L. and McDonald, T.L.
	and Erickson, W.P.},
  address = {Dordrecht, The Netherlands},
  owner = {paul.conn},
  timestamp = {2011.06.10}
}

@ARTICLE{Marques2003,
  author = {Marques, F.F.C. and Buckland, S.T.},
  title = {Incorporating covariates into standard line transect analyses},
  journal = {Biometrics},
  year = {2003},
  volume = {59},
  pages = {924-935},
  owner = {paul.conn},
  timestamp = {2011.10.05}
}

@ARTICLE{MarquesEtAl2013,
  author = {Marques, T. A. and Thomas, L. and Martin, S. W. and Mellinger, D.
	K. and Ward, J. A. and Moretti, D. J. and Harris, D. and Tyack, P.
	L.},
  title = {Estimating animal population density using passive acoustics},
  journal = {Biological Reviews},
  year = {2013},
  volume = {88},
  pages = {287-309},
  owner = {paul.conn},
  timestamp = {2013.07.22}
}

@ARTICLE{Marques2007,
  author = {Marques, T.A. and Thomas, L. and Fancy, S.G. and Buckland, S.T.},
  title = {Improving estimates of bird density using multiple-covariate distance
	sampling},
  journal = {The Auk},
  year = {2007},
  volume = {124},
  pages = {1229-1243},
  owner = {paul.conn},
  timestamp = {2011.06.10}
}

@ARTICLE{Marsh1989,
  author = {Marsh, H. and Sinclair, D.F.},
  title = {Correcting for visibility bias in strip transect aerial surveys of
	aquatic fauna},
  journal = {Journal of Wildlife Management},
  year = {1989},
  volume = {53},
  pages = {1017-1024},
  owner = {paul.conn},
  timestamp = {2011.12.22}
}

@ARTICLE{Matthiopoulos:2008kl,
  author = {J. Matthiopoulos and S. Smout and A. J. Winship and D. Thompson and
	I. L. Boyd and J. Harwood},
  title = {Getting beneath the surface of marine mammal--fisheries competition},
  journal = {Mammal Review},
  year = {2008},
  volume = {38},
  pages = {167--188}
}

@INCOLLECTION{Maunder2001,
  author = {Maunder, M. N.},
  title = {Integrated Tagging and Catch-at-Age ANalysis (ITCAAN)},
  booktitle = {Spatial Processes and the Management of Fish Populations},
  publisher = {Alaska Sea Grant College Program Report No. AK-SG-01-02},
  year = {2001},
  editor = {Kruse, G. H. and Bez, N. and Booth, A. and Dorn, M. W. and Hills,
	S. and Lipcius, R. N. and Pelletier, D. and Roy, C. and Smith, S.
	J. and Witherell, D.},
  address = {University of Alaska, Fairbanks} # .,
  owner = {paul.conn},
  timestamp = {2013.05.24}
}

@ARTICLE{McAllister1997,
  author = {McAllister, M. K. and Ianelli, J. N.},
  title = {Bayesian stock assessment using catch-age data and the sampling-resampling
	importance algorithm},
  journal = {Canadian Journal of Fisheries and Aquatic Sciences},
  year = {1997},
  volume = {54},
  pages = {284-300},
  owner = {paul.conn},
  timestamp = {2013.05.24}
}

@ARTICLE{McCarthy2004,
  author = {McCarthy, M. A. and Parris, K. M.},
  title = {Clarifying the effect of toe clipping on frogs with Bayesian statistics},
  journal = {Journal of Applied Ecology},
  year = {2004},
  volume = {41},
  pages = {780-786},
  owner = {paul.conn},
  timestamp = {2009.12.21}
}

@ARTICLE{McClintock2009,
  author = {McClintock, B.T. and White, G.C. and Antolin, M.F. and Tripp, D.W.},
  title = {Estimating abundance using mark-resight when sampling is with replacement
	or the number of marked individuals is unknown},
  journal = {Biometrics},
  year = {2009},
  volume = {65},
  pages = {237-246},
  owner = {paul.conn},
  timestamp = {2011.10.07}
}

@ARTICLE{McClintock2010,
  author = {McClintock, B. T. and Bailey, L. L. and Pollock, K. H. and Simons,
	T. R.},
  title = {Unmodeled observation error induces bias when inferring patterns
	and dynamics of species occurrence via aural detections},
  journal = {Ecology},
  year = {2010},
  volume = {91},
  pages = {2446-2454},
  owner = {paul.conn},
  timestamp = {2012.10.31}
}

@ARTICLE{McClintock2010a,
  author = {McClintock, B. T. and Bailey, L. L. and Pollock, K. H. and Simons,
	T. R.},
  title = {Experimental investigation of observation error in anuran call surveys},
  journal = {Journal of Wildife Management},
  year = {2010},
  volume = {74},
  pages = {1882-1893},
  owner = {paul.conn},
  timestamp = {2012.10.31}
}

@BOOK{McCullaghNelder1989,
  title = {Generalized Linear Models},
  publisher = {Chapman and Hall},
  year = {1989},
  author = {McCullagh, P. and Nelder, J. A.},
  address = {New York},
  owner = {paul.conn},
  timestamp = {2013.05.24}
}

@ARTICLE{McLaren1961,
  author = {McLaren, I.A.},
  title = {Methods of determining the numbers and availability of ring seals
	in the eastern Canadian Arctic},
  journal = {Arctic},
  year = {1961},
  volume = {14},
  pages = {162-175},
  owner = {paul.conn},
  timestamp = {2012.02.22}
}

@ARTICLE{Megrey1989,
  author = {Megrey, B. A.},
  title = {Review and comparison of age-structured stock assessment models from
	theoretical and applied points of view},
  journal = {American Fisheries Science Symposium},
  year = {1989},
  volume = {6},
  pages = {8--48},
  owner = {paul.conn},
  timestamp = {2013.05.24}
}

@ARTICLE{Methot1990,
  author = {Methot, R. D.},
  title = {Synthesis model: An adaptable framework for analysis of diverse stock
	assessment data},
  journal = {International North Pacific Fishereies Commission Bulletin},
  year = {1990},
  volume = {50},
  pages = {259-277},
  owner = {paul.conn},
  timestamp = {2013.05.24}
}

@ARTICLE{Methot1989,
  author = {Methot, R. D.},
  title = {Synthetic estimates of historical abundance and mortality for northern
	anchovy},
  journal = {American Fisheries Society Symposium},
  year = {1989},
  volume = {6},
  pages = {66-82},
  owner = {paul.conn},
  timestamp = {2013.05.24}
}

@ARTICLE{Meyer1999,
  author = {Meyer, R. and Millar, R. B.},
  title = {Bayesian stock assessment using a state-space implementation of the
	delay difference model},
  journal = {Canadian Journal of Fisheries and Aquatic Sciences},
  year = {1999},
  volume = {56},
  pages = {37-52},
  owner = {paul.conn},
  timestamp = {2013.05.24}
}

@ARTICLE{Michielsens2004,
  author = {Michielsens, C. G. J. and McAllister, M. K.},
  title = {A {B}ayesian hierarchical analysis of stock-recruit data: quantifying
	structural and parameter uncertainties},
  journal = {Canadian Journal of Fisheries and Aquatic Sciences},
  year = {2004},
  volume = {61},
  pages = {1032-1047},
  owner = {paul.conn},
  timestamp = {2013.05.24}
}

@ARTICLE{Miller2011,
  author = {Miller, D. A. and Nichols, J. D. and McClintock, B. T. and Grant,
	E. H. C. and Bailey, L. L. and Weir, L. A.},
  title = {Improving occupancy estimation when two types of observational error
	occur: non-detection and species misidentification},
  journal = {Ecology},
  year = {2011},
  volume = {92},
  pages = {1422-1428},
  owner = {paul.conn},
  timestamp = {2012.10.31}
}

@ARTICLE{MillerEtAl2013,
  author = {Miller, D. L. and Burt, M. L. and Rexstad, E. A., and Thomas, L.},
  title = {Spatial models for distance sampling data: recent developments and
	future directions},
  journal = {Methods in Ecology and Evolution},
  year = {2013},
  volume = {4},
  pages = {1001-1010},
  owner = {paul.conn},
  timestamp = {2013.12.04}
}

@ARTICLE{MillerEtAl11jwm,
  author = {Miller, M. W. and Pearlstine, E. V., and Dorazio, R. M. and Mazzotti,
	F. J.},
  title = {Occupancy and abundance of wintering birds in a dynamic agricultural
	landscape},
  journal = {Journal of Wildife Management},
  year = {2011},
  volume = {75},
  pages = {836-847},
  owner = {paul.conn},
  timestamp = {2013.12.04}
}

@ARTICLE{Moore2011,
  author = {Moore, J. E. and Barlow, J.},
  title = {Bayesian state-space model of fin whale abundance trends from a 1991-2008
	time series of line-transect surveys in the {C}alifornia {C}urrent},
  journal = {Journal of Applied Ecology},
  year = {2011},
  volume = {48},
  pages = {1195-1205},
  owner = {paul.conn},
  timestamp = {2011.10.06}
}

@ARTICLE{Morris1983,
  author = {Morris, CN},
  title = {Parametric and empirical Bayes inference: theory and applications},
  journal = {Journal of the American Statistical Association},
  year = {1983},
  volume = {78},
  pages = {47-55},
  owner = {paul.conn},
  timestamp = {2011.10.05}
}

@ARTICLE{Muggeo2003,
  author = {Muggeo, V. M. R.},
  title = {Estimating regression models with unknown break-points},
  journal = {Statistics in Medicine},
  year = {2003},
  volume = {22},
  pages = {3055-3071},
  owner = {paul.conn},
  timestamp = {2013.05.24}
}

@ARTICLE{MurkinEtAl1997,
  author = {Murkin, H. R. and Murkin, E. J. and Ball, J. P.},
  title = {Avian habitat selection and prairie wetland dynamics: A 10-year experiment},
  journal = {Ecological Applications},
  year = {1997},
  volume = {7},
  pages = {1144-1159}
}

@ARTICLE{Myers1999,
  author = {Myers, R. A. and Bowen, K. G. and Barrowman, N. J.},
  title = {Maximum reproductive rate of fish at low population sizes},
  journal = {Canadian Journal of Fisheries and Aquatic Sciences},
  year = {1999},
  volume = {56},
  pages = {2404-2419},
  owner = {paul.conn},
  timestamp = {2013.05.24}
}

@ARTICLE{MollerEtAl2001,
  author = {M{\o}ller, J. and Syversveen, R. and Waagepetersen, R. P.},
  title = {Log {G}aussian {C}ox processes},
  journal = {Scandinavian Journal of Statistics},
  year = {2001},
  volume = {25},
  pages = {451-482},
  owner = {paul.conn},
  timestamp = {2013.12.05}
}

@ARTICLE{Nakagawa2008,
  author = {Nakagawa, S. and Freckleton, R.P.},
  title = {Missing inaction: the dangers of ignoring missing data},
  journal = {Trends in Ecology \& Evolution},
  year = {2008},
  volume = {23},
  pages = {592-596},
  owner = {paul.conn},
  timestamp = {2012.05.30}
}

@ARTICLE{Newman2006,
  author = {Newman, K. B. and Buckland, S. T. and Lindley, S. T. and Thomas,
	L. and Fern\`{a}ndez, C.},
  title = {Hidden process models for animal population dynamics},
  journal = {Ecological Applications},
  year = {2006},
  volume = {16},
  pages = {74-86},
  owner = {paul.conn},
  timestamp = {2013.05.24}
}

@ARTICLE{Nichols1994,
  author = {Nichols, J.D. and Hines, J.E. and Pollock, K.H. and Hinz, R. and
	Link, W.A.},
  title = {Estimating breeding proportions and testing hypotheses about costs
	of reproduction with capture-recapture data},
  journal = {Ecology},
  year = {1994},
  volume = {75},
  pages = {2052-2065},
  owner = {paul.conn},
  timestamp = {2012.08.27}
}

@INCOLLECTION{Nichols2009,
  author = {Nichols, J.D. and Thomas, L. and Conn, P.B.},
  title = {Inferences about landbird abundance from count data: recent advances
	and future directions},
  booktitle = {Modeling demographic processes in marked populations},
  publisher = {Springer},
  year = {2009},
  editor = {Thomson, D.L. and Cooch, E.G. and Conroy, M.J.},
  volume = {3},
  series = {Environmental and Ecological Statistics Series},
  pages = {201-236},
  address = {New York},
  owner = {paul.conn},
  timestamp = {2011.07.05}
}

@ARTICLE{Nichols2004,
  author = {Nichols, J. D. and Kendall, W. L. and Hines, J. E. and Spendelow,
	J. A.},
  title = {Estimation of sex-specific survival from capture-recapture data when
	sex is not always known},
  journal = {Ecology},
  year = {2004},
  volume = {85},
  pages = {3192-3201},
  owner = {paul.conn},
  timestamp = {2013.05.24}
}

@ARTICLE{Nichols1992,
  author = {Nichols, J. D. and Sauer, J. R. and Pollock, K. H. and Hestbeck,
	J. B.},
  title = {Estimating transition probabilities for stage-based population projection
	matrices using capture-recapture data},
  journal = {Ecology},
  year = {1992},
  volume = {73},
  pages = {306-312},
  owner = {paul.conn},
  timestamp = {2012.08.27}
}

@ARTICLE{Norvell2003,
  author = {Norvell, R.L. and Young, F.P. and Parrish, J.P.},
  title = {A seven-year comparison of relative-abundance and distance-sampling
	methods},
  journal = {Auk},
  year = {2003},
  volume = {120},
  pages = {1013-1028},
  owner = {paul.conn},
  timestamp = {2011.10.04}
}

@ARTICLE{Noyce2001,
  author = {Noyce, K. V. and Garshelis, D. L. and Coy, P. L.},
  title = {Differential vulnerability of black bears to trap and camera sampling
	and resulting biases in mark-recapture estimates},
  journal = {Ursus},
  year = {2001},
  volume = {12},
  pages = {211--226},
  owner = {paul.conn},
  timestamp = {2013.05.24}
}

@ARTICLE{O'Neill1999,
  author = {O'Neill, P. D. and Roberts, G. O.},
  title = {Bayesian inference for partially observed stochastic epidemics},
  journal = {Journal of the Royal Statistical Society A},
  year = {1999},
  volume = {162},
  pages = {121-129},
  owner = {paul.conn},
  timestamp = {2013.05.24}
}

@ARTICLE{OldenEtAl2008,
  author = {Olden, J. D. and Lawler, J. J. and Poff, N. L.},
  title = {Machine learning methods without tears: a primer for ecologists},
  journal = {Quarterly Review of Biology},
  year = {2008},
  volume = {83},
  pages = {171-193},
  owner = {paul.conn},
  timestamp = {2013.07.09}
}

@ARTICLE{Osborne1991,
  author = {Osborne, C.},
  title = {Statistical calibration - a review},
  journal = {International statistical review},
  year = {1991},
  volume = {59},
  pages = {309-336},
  owner = {paul.conn},
  timestamp = {2013.05.24}
}

@ARTICLE{Otis1978,
  author = {Otis, D. L. and Burnham, K. P. and White, G. C. and Anderson, D.
	R.},
  title = {Statistical-inference from capture data on closed animal populations},
  journal = {Wildlife Monographs},
  year = {1978},
  volume = {62},
  pages = {7--135},
  owner = {paul.conn},
  timestamp = {2013.05.24}
}

@ARTICLE{Ozgul2009,
  author = {Ozgul, A. and Oli, M.K. and Bolker, B.M. and Perez-Heydrich, C.},
  title = {Upper respiratory tract disease, force of infection, and effects
	of survival on gopher tortoises},
  journal = {Ecological Applications},
  year = {2009},
  volume = {19},
  pages = {786-798},
  owner = {paul.conn},
  timestamp = {2011.08.11}
}

@ARTICLE{PatilRao1978,
  author = {Patil, G. P. and Rao, C. R.},
  title = {Weighted distributions and size-biased sampling with applications
	to wildlife populations and human families},
  journal = {Biometrics},
  year = {1978},
  volume = {34},
  pages = {179-189},
  owner = {paul.conn},
  timestamp = {2013.12.10}
}

@ARTICLE{Peach1994,
  author = {Peach, W. J. and Thompson, P. S. and Coulson, J. C.},
  title = {Annual and long-term variation in the survival of British lapwings
	Venellus-vanellus},
  journal = {Journal of Animal Ecology},
  year = {1994},
  volume = {63},
  pages = {60--70},
  owner = {paul.conn},
  timestamp = {2013.05.24}
}

@ARTICLE{Pella1979,
  author = {Pella, J. J. and T. L. Robertson},
  title = {Assessment of composition of stock mixtures},
  journal = {U.S. Fisheries Bulletin},
  year = {1979},
  volume = {77},
  pages = {387-398},
  owner = {paul.conn},
  timestamp = {2013.05.24}
}

@INCOLLECTION{Piatt2007,
  author = {Piatt, J. F. and Springer, A. M.},
  title = {Marine ecoregions of Alaska},
  booktitle = {Long-term Ecological Change in the Northern Gulf of Alaska},
  publisher = {Elsevier},
  year = {2007},
  pages = {522-526},
  address = {Amsterdam},
  owner = {paul.conn},
  timestamp = {2013.04.16}
}

@ARTICLE{Pine2003,
  author = {Pine, W. E. and Pollock, K. H. and Hightower, J. E. and Kwak, T.
	J. and Rice, J. A.},
  title = {A review of tagging methods for estimating fish population size and
	components of mortality},
  journal = {Fisheries},
  year = {2003},
  volume = {28},
  pages = {10--23},
  owner = {paul.conn},
  timestamp = {2013.05.24}
}

@ARTICLE{Pledger2000,
  author = {Pledger, S.},
  title = {Unified maximum likelihood estimates for closed capture-recapture
	models using mixtures},
  journal = {Biometrics},
  year = {2000},
  volume = {56},
  pages = {434--442},
  owner = {paul.conn},
  timestamp = {2013.05.24}
}

@ARTICLE{Pollock2006,
  author = {Pollock, K.H. and Marsh, H.D. and Lawler, I.R. and Alldredge, M.W.},
  title = {Estimating animal abundance in heterogeneous environments: An application
	to aerial surveys for Dugongs},
  journal = {Journal of Willdife Management},
  year = {2006},
  volume = {70},
  pages = {255-262},
  owner = {paul.conn},
  timestamp = {2011.07.05}
}

@ARTICLE{Pollock2002,
  author = {Pollock, K. H.},
  title = {The use of auxiliary variables in capture-recapture modeling: an
	overview},
  journal = {Journal of Applied Statistics},
  year = {2002},
  volume = {29},
  pages = {85--102},
  owner = {paul.conn},
  timestamp = {2013.05.24}
}

@ARTICLE{Poole2002,
  author = {Poole, D.},
  title = {Bayesian estimation of survival from mark-recapture data},
  journal = {Journal of Agricultural, Biological, and Environmental Statistics},
  year = {2002},
  volume = {7},
  pages = {264-276},
  owner = {paul.conn},
  timestamp = {2010.01.28}
}

@ARTICLE{Porch2006,
  author = {Porch, C. E. and Eklund, A. and Scott, G. P.},
  title = {A catch-free stock assessment model with application to goliath grouper
	(Epinephelus itajara) off southern Florida},
  journal = {Fishery Bulletin},
  year = {2006},
  volume = {104},
  pages = {89-101},
  owner = {paul.conn},
  timestamp = {2010.09.22}
}

@ARTICLE{Pradel2005,
  author = {Pradel, R.},
  title = {Multievent: An extension of multistate capture-recapture models to
	uncertain states},
  journal = {Biometrics},
  year = {2005},
  volume = {61},
  pages = {442-447},
  owner = {paul.conn},
  timestamp = {2013.05.24}
}

@ARTICLE{Pradel1996,
  author = {Pradel, R.},
  title = {Utilization of capture-mark-recapture for the study of recruitment
	and population growth rate},
  journal = {Biometrics},
  year = {1996},
  volume = {52},
  pages = {703-709},
  owner = {paul.conn},
  timestamp = {2013.05.24}
}

@ARTICLE{Pradel2003,
  author = {Pradel, R. and Wintrebert, C. and Gimenez, O.},
  title = {A proposal for a goodness-of-fit test to the {A}rnason-{S}chwarz
	multisite capture-recapture model},
  journal = {Biometrics},
  year = {2003},
  volume = {59},
  pages = {43-53},
  owner = {paul.conn},
  timestamp = {2012.08.28}
}

@BOOK{PradoWest2010,
  title = {Time series: modeling, computation, and inference},
  publisher = {Chapman \& Hall/CRC},
  year = {2010},
  author = {Prado, R. and West, M.},
  address = {Boca Raton, Florida},
  owner = {paul.conn},
  timestamp = {2013.12.06}
}

@MANUAL{Prager2005,
  title = {User's Manual for ASPIC: A Stock-Production Model Incorporating Covariates
	(ver. 5) And Auxiliary Programs},
  author = {Prager, M. H.},
  organization = {National Marine Fishery Service, Beaufort Laboratory Document BL-2004-01},
  address = {Beaufort, NC},
  year = {2005},
  owner = {paul.conn},
  timestamp = {2013.05.24}
}

@ARTICLE{Prager2002,
  author = {Prager, M. H.},
  title = {Comparison of logistic and generalized surplus-production models
	applied to swordfish, {\it Xiphias gladius}, in the north Atlantic
	Ocean},
  journal = {Fisheries Research},
  year = {2002},
  volume = {58},
  pages = {41-57},
  owner = {paul.conn},
  timestamp = {2013.05.24}
}

@ARTICLE{Prager1994,
  author = {Prager, M. H.},
  title = {A suite of extensions to a nonequilibrium surplus-production model},
  journal = {Fisheries Bulletin},
  year = {1994},
  volume = {92},
  pages = {374-389},
  owner = {paul.conn},
  timestamp = {2013.05.24}
}

@ARTICLE{Prager2003,
  author = {Prager, M. H. and Porch, C. E. and Shertzer, K. W. and Caddy, J.
	F.},
  title = {Targets and limits for management of fisheries: A simple probability-based
	approach},
  journal = {North American Journal of Fisheries Management},
  year = {2003},
  volume = {23},
  pages = {349-361},
  owner = {paul.conn},
  timestamp = {2013.05.24}
}

@BOOK{Preisendorfer1988,
  title = {Principal component analysis in meteorology and oceanography},
  publisher = {Elsevier},
  year = {1988},
  author = {Preisendorfer, R. W.},
  address = {Amsterdam},
  owner = {paul.conn},
  timestamp = {2013.12.09}
}

@ARTICLE{Punt2003,
  author = {Punt, A. E.},
  title = {The performance of a size-structured stock assessment method in the
	fact of spatial heterogeneity in growth},
  journal = {Fisheries Research},
  year = {2003},
  volume = {65},
  pages = {391-409},
  owner = {paul.conn},
  timestamp = {2013.05.24}
}

@INCOLLECTION{Punt:2006nx,
  author = {A. E. Punt and G. Fay},
  title = {Can Experimental Manipulation Be Used to Determine the Cause of the
	Decline of Western Stock of Steller Sea Lions (\textit{{E}umetopias
	jubatus})?},
  booktitle = {Sea Lions of the World},
  publisher = {Alaska Sea Grant College Program},
  year = {2006},
  editor = {A. W. Trites and S. K. Atkinson and D. P. DeMaster and L. W. Fritz
	and T. S. Gelatt and L. D. Rea and K. M. Wynne},
  pages = {435--454}
}

@INCOLLECTION{Punt:2006ij,
  author = {A. E. Punt and G. Fay},
  title = {Modeling Spatial Dynamics of {S}teller Sea Lions (\textit{{E}umetopias
	jubatus}) Using Maximum Likelihood and Bayesian Methods: Evaluating
	Causes for Population Decline},
  booktitle = {Sea Lions of the World},
  publisher = {Alaska Sea Grant College Program},
  year = {2006},
  pages = {405--433}
}

@UNPUBLISHED{Punt:2002oq,
  author = {A. E. Punt and G. Fay},
  title = {{FINAL REPORT}: Methods for Determining Extinction risk and Recovery
	Probability of {S}teller Sea Lion Populations Subject to Harvesting,
	Demographic and Environmental Stochasticity, and Catastrophic Events},
  note = {Unpubl. Rep. to NMFS National Marine Mammal Laboratory},
  year = {2002}
}

@BOOK{Quinn1999,
  title = {Quantitative Fish Dynamics},
  publisher = {Oxford University Press},
  year = {1999},
  author = {Quinn, T. J. II and Deriso, R. B.},
  address = {New York},
  owner = {paul.conn},
  timestamp = {2013.05.24}
}

@MANUAL{RTeam2013,
  title = {R: A Language and Environment for Statistical Computing},
  author = {{R Development Core Team}},
  organization = {R Foundation for Statistical Computing},
  address = {Vienna, Austria},
  year = {2013},
  note = {{ISBN} 3-900051-07-0},
  owner = {paul.conn},
  timestamp = {2013.05.24},
  url = {http://www.R-project.org}
}

@ARTICLE{Racine-Poon1988,
  author = {Racine-Poon, A.},
  title = {A {B}ayesian approach to nonlinear calibration problems},
  journal = {Journal of the American Statistical Association},
  year = {1988},
  volume = {83},
  pages = {650-656},
  owner = {paul.conn},
  timestamp = {2013.05.24}
}

@ARTICLE{Ramsey1987,
  author = {Ramsey, F.L. and Wildman, V. and Engbring, J.},
  title = {Adjustments to effective area in variable-area wildlife surveys},
  journal = {Biometrics},
  year = {1987},
  volume = {43},
  pages = {1-11},
  owner = {paul.conn},
  timestamp = {2011.10.05}
}

@ARTICLE{Redfern2006,
  author = {Redfern, J.V. and Ferguson, M.C. and Becker, E.A. and Good, C. and
	Barlow, J. and Kaschner, K. and Baumgartner, M.F. and Forney, K.A.
	and Ballance, L.T. and Fauchald, P. and Halpin, P. and Hamazaki,
	T. and Pershing, A.J. and Qian, S.S. and Read, A. and Reilly, S.B.
	and Torres, L. and Werner, F.},
  title = {Techniques for cetacean-habitat modeling},
  journal = {Marine Ecology Progress Series},
  year = {2006},
  volume = {310},
  pages = {271-295},
  owner = {paul.conn},
  timestamp = {2012.04.09}
}

@ARTICLE{Reeves2003,
  author = {Reeves, S. A.},
  title = {A simulation study of the implications of age-reading errors for
	stock assessment and management advice},
  journal = {ICES Journal of Marine Science},
  year = {2003},
  volume = {60},
  pages = {314-328},
  owner = {paul.conn},
  timestamp = {2013.05.24}
}

@ARTICLE{ReichEtAl2006,
  author = {Reich, B.J. and Hodges, J.S. and Zadnik, V.},
  title = {Effects of residual smoothing on the posterior of the fixed effects
	in disease-mapping models},
  journal = {Biometrics},
  year = {2006},
  volume = {62},
  pages = {1197-1206},
  owner = {paul.conn},
  timestamp = {2012.01.10}
}

@BOOK{Renshaw1991,
  title = {Modelling biological populations in space and time},
  publisher = {Cambridge University Press},
  year = {1991},
  author = {Renshaw, E.},
  address = {Cambridge, UK},
  owner = {paul.conn},
  timestamp = {2013.05.24}
}

@ARTICLE{Richards1992,
  author = {Richards, L. J. and Schnute, J. T. and Kronlund, A. R. and Beamish,
	R. J.},
  title = {Statistical models for the analysis of ageing error},
  journal = {Canadian Journal of Fisheries and Aquatic Sciences},
  year = {1992},
  volume = {49},
  pages = {1801-1815},
  owner = {paul.conn},
  timestamp = {2013.05.24}
}

@ARTICLE{Ricker1975,
  author = {Ricker, W. E.},
  title = {Computation and Interpretation of Biological Statistics of Fish Populations},
  journal = {Bulletin of the Fisheries Research Board of Canada},
  year = {1975},
  volume = {191},
  pages = {382 pp.},
  owner = {paul.conn},
  timestamp = {2013.05.24}
}

@ARTICLE{Ricklefs1997,
  author = {Ricklefs, R.},
  title = {Comparative demography of new world populations of thrushes (\emph{Turdus}
	spp.)},
  journal = {Ecological Monographs},
  year = {1997},
  volume = {67},
  pages = {23-43},
  owner = {paul.conn},
  timestamp = {2013.05.24}
}

@ARTICLE{Riddle2010,
  author = {Riddle, J.D. and Stanislav, S.J. and Pollock, K.H. and Moorman, C.E.
	and Perkins, F.S.},
  title = {Separating components of the detection process with combined methods:
	An example with northern bobwhite},
  journal = {Journal of Willdife Management},
  year = {2010},
  volume = {74},
  pages = {1319-1325},
  owner = {paul.conn},
  timestamp = {2011.12.22}
}

@ARTICLE{Riddle2010a,
  author = {Riddle, J.D. and Stanislav, S.J. and Pollock, K.H. and Moorman, C.E.
	and Perkins, F.S.},
  title = {Separating components of the detection process with combined methods:
	An example with northern bobwhite},
  journal = {Journal of Willdife Man},
  year = {2010},
  volume = {74},
  pages = {1319-1325},
  owner = {paul.conn},
  timestamp = {2011.12.22}
}

@BOOK{Robert2004,
  title = {Monte Carlo Satatistical Methods, 2nd Edition},
  publisher = {Springer},
  year = {2004},
  author = {Robert, C.P. and Casella, G.},
  address = {New York},
  owner = {paul.conn},
  timestamp = {2011.07.05}
}

@ARTICLE{Roberts1998,
  author = {Roberts, G. and Rosenthal, J.},
  title = {Markov chain {M}onte {C}arlo: Some practical implications of theoretical
	results (with discussion)},
  journal = {Canadian Journal of Statistics},
  year = {1998},
  volume = {26},
  pages = {5-32},
  owner = {paul.conn},
  timestamp = {2011.07.20}
}

@ARTICLE{Roberts1997,
  author = {Roberts, G. O. and Sahu, S. K.},
  title = {Updating schemes, correlation structure, blocking and parameterization
	for the Gibbs sampler},
  journal = {Journal of the Royal Statistical Society, Series B},
  year = {1997},
  volume = {59},
  pages = {291-317},
  owner = {paul.conn},
  timestamp = {2013.05.24}
}

@ARTICLE{Robinson2004,
  author = {Robinson, R. A. and Green, R. E. and Baillie, S. R. and Peach, W.
	J. and Thomson, D. L.},
  title = {Demographic mechanism of the population decline of the song thrush
	Turdus philomelos in Britain},
  journal = {Journal of Animal Ecology},
  year = {2004},
  volume = {73},
  pages = {670--782},
  owner = {paul.conn},
  timestamp = {2013.05.24}
}

@ARTICLE{Rose2001,
  author = {Rose, K. A. and Cowan Jr, J. H. and Winemiller, K. O. and Myers,
	R. A. and Hilborn, R.},
  title = {Compensatory density dependence in fish populations: importance,
	controversy, understanding, and prognosis},
  journal = {Fish and Fisheries},
  year = {2001},
  volume = {2},
  pages = {293-327},
  owner = {paul.conn},
  timestamp = {2013.05.24}
}

@ARTICLE{Rosenberg2006,
  author = {Rosenberg, A. A. and Swasey, J. H. and Bowman, M.},
  title = {Rebuilding US fisheries: progress and problems},
  journal = {Frontiers in Ecology and the Environment},
  year = {2006},
  volume = {4},
  pages = {303-308},
  owner = {paul.conn},
  timestamp = {2013.05.24}
}

@ARTICLE{Rosenberry2004,
  author = {Rosenberry, C. S. and Diefenbach, D. R. and Wallingford, B. D.},
  title = {Reporting-rate variability and precision of white-tailed deer harvest
	estimates in Pennsylvania},
  journal = {Journal of Wildlife Management},
  year = {2004},
  volume = {68},
  pages = {860-869},
  owner = {paul.conn},
  timestamp = {2013.05.24}
}

@ARTICLE{RossEtAl2012,
  author = {Ross, B. E. and Hooten, M. B. and Koons, D. N.},
  title = {An accessible method for implementing hierarchical models with spatio-temporal
	abundance data},
  journal = {PLoS ONE},
  year = {2012},
  volume = {7},
  pages = {e49395},
  owner = {paul.conn},
  timestamp = {2013.12.04}
}

@ARTICLE{Rouan2009,
  author = {Rouan, L. and Choquet, R. and Pradel, R.},
  title = {A general framework for modeling memory in capture-recapture data},
  journal = {Journal of Agricultural, Biological, and Environmental Statistics},
  year = {2009},
  volume = {14},
  pages = {338-355},
  owner = {paul.conn},
  timestamp = {2012.08.27}
}

@ARTICLE{Royle2009,
  author = {Royle, J.A.},
  title = {Analysis of capture-recapture models with individual covariates using
	data augmentation},
  journal = {Biometrics},
  year = {2009},
  volume = {65},
  pages = {267-274},
  owner = {paul.conn},
  timestamp = {2011.10.07}
}

@ARTICLE{Royle2008a,
  author = {Royle, J.A.},
  title = {Hierarchical modeling of cluster size in wildlife surveys},
  journal = {Journal of Agricultural, Biological, and Environmental Statistics},
  year = {2008},
  volume = {13},
  pages = {23-36},
  owner = {paul.conn},
  timestamp = {2011.10.07}
}

@ARTICLE{Royle2004a,
  author = {Royle, J.A.},
  title = {N-mixture models for estimating population size from spatially replicated
	counts},
  journal = {Biometrics},
  year = {2004},
  volume = {60},
  pages = {108-115},
  owner = {paul.conn},
  timestamp = {2010.07.06}
}

@ARTICLE{RoyleEtAl2013,
  author = {Royle, J. A. and Chandler, R. B. and Sun, C. C. and Fuller, A. K.},
  title = {Integrating resource selection information wiht spatial capture-recapture},
  journal = {Methods in Ecology and Evolution},
  year = {2013},
  volume = {4},
  pages = {520-530},
  owner = {paul.conn},
  timestamp = {2013.12.10}
}

@ARTICLE{Royle2010a,
  author = {Royle, J. A. and Dorazio, R. M.},
  title = {Parameter-expanded data augmentation for {B}ayesian analysis of capture-recapture
	models},
  journal = {Journal of Ornithology},
  year = {2010},
  volume = {152},
  pages = {521-537},
  owner = {paul.conn},
  timestamp = {2012.01.31}
}

@ARTICLE{Royle2002,
  author = {Royle, J. A. and Link, W. A.},
  title = {Random effects and shrinkage estimation in capture-recapture models},
  journal = {Journal of Applied Statistics},
  year = {2002},
  volume = {29},
  pages = {329-351},
  owner = {paul.conn},
  timestamp = {2013.05.24}
}

@ARTICLE{Royle2004,
  author = {Royle, J.A. and Dawson, D.K. and Bates, S.},
  title = {Modeling abundance effects in distance sampling},
  journal = {Ecology},
  year = {2004},
  volume = {85},
  pages = {1591-1597},
  owner = {paul.conn},
  timestamp = {2011.10.05}
}

@ARTICLE{Royle2010,
  author = {Royle, J.A. and Dorazio, R.M.},
  title = {Parameter-expanded data augmentation for {B}ayesian analysis of capture-recapture
	models},
  journal = {Journal of Ornithology},
  year = {2010},
  volume = {Online First},
  pages = {DOI: 10.1007/s10336-010-0619-4},
  owner = {paul.conn},
  timestamp = {2012.01.31}
}

@BOOK{Royle2008,
  title = {Hierarchical {M}odeling and {I}nference in {E}cology},
  publisher = {Academic Press},
  year = {2008},
  author = {Royle, J.A. and Dorazio, R.M.},
  address = {London, U.K.},
  owner = {paul.conn},
  timestamp = {2011.10.06}
}

@ARTICLE{Royle2007b,
  author = {Royle, J.A. and Dorazio, R.M. and Link, W.A.},
  title = {Analysis of multinomial models with unknown index using data augmentation},
  journal = {Journal of Computational and Graphical Statistics},
  year = {2007},
  volume = {16},
  pages = {1-19},
  owner = {paul.conn},
  timestamp = {2011.10.06}
}

@ARTICLE{Royle2007a,
  author = {Royle, J.A. and K\'{e}ry, M. and Gautier, R. and Schmid, H.},
  title = {Hierarchical spatial models of abundance and occurence from imperfect
	survey data},
  journal = {Ecological Monographs},
  year = {2007},
  volume = {77},
  pages = {465-481},
  owner = {paul.conn},
  timestamp = {2011.10.05}
}

@ARTICLE{Royle2007,
  author = {Royle, J.A. and Kery, M.},
  title = {A Bayesian state-space formulation of dynamic occupancy models},
  journal = {Ecology},
  year = {2007},
  volume = {88},
  pages = {1813-1823},
  owner = {paul.conn},
  timestamp = {2012.05.17}
}

@ARTICLE{Royle2006,
  author = {Royle,J.A. and Link,W.A.},
  title = {Generalized site occupancy models allowing for false positive and
	false negative errors},
  journal = {Ecology},
  year = {2006},
  volume = {87},
  pages = {835-841},
  owner = {paul.conn},
  timestamp = {2011.07.15}
}

@ARTICLE{Royle2003,
  author = {Royle, J.A. and Nichols, J.D.},
  title = {Estiimating abundance from repeated presence-absence data or point
	counts},
  journal = {Ecology},
  year = {2003},
  volume = {84},
  pages = {777-790},
  owner = {paul.conn},
  timestamp = {2010.07.06}
}

@ARTICLE{Rubin1976,
  author = {Rubin},
  title = {Inference and missing data},
  journal = {Biometrika},
  year = {1976},
  volume = {63},
  pages = {581-592},
  owner = {paul.conn},
  timestamp = {2011.12.22}
}

@BOOK{RueHeld2005,
  title = {Gaussian Markov Random Fields},
  publisher = {Chapman \& Hall/CR},
  year = {2005},
  author = {Rue, H. and Held, L.},
  address = {Boca Raton, Florida, USA},
  owner = {xconn},
  timestamp = {2011.06.22}
}

@ARTICLE{Runge2007,
  author = {Runge, J. P. and Hines, J. E. and Nichols, J. D.},
  title = {Estimating species-specific survival and movement when species identification
	is uncertain},
  journal = {Ecology},
  year = {2007},
  volume = {88},
  pages = {282-288},
  owner = {paul.conn},
  timestamp = {2013.05.24}
}

@UNPUBLISHED{Sampson:1995cr,
  author = {D. B. Sampson},
  title = {An Analysis of Groundfish Fishing Activities Near {S}teller Sea Lion
	Rookeries in {A}laska},
  note = {Unpubl. Rep. Oregon State University, Hatfield Marine Science Centre,
	Newport, Oregon, OR 97365. [Available at http://www.marinemammal.org/pdfs/sampson1995.pdf].},
  year = {1995}
}

@ARTICLE{SargeantEtAl2005,
  author = {Sargeant, G. A. and Sovada, M. A. and Slivinski, C. C. and Johnson,
	D. H.},
  title = {{M}arkov chain {M}onte {C}arlo estimation of species distributions:
	a case study of the swift fox in western Kansas},
  journal = {Journal of Wildlife Management},
  year = {2005},
  volume = {69},
  pages = {483-497},
  owner = {paul.conn},
  timestamp = {2013.07.09}
}

@BOOK{SASInstituteInc2004,
  title = {SAS/IML 9.1 User's Guide},
  publisher = {SAS Institute Inc.},
  year = {2004},
  author = {{SAS Institute Inc}},
  address = {Cary, NC},
  owner = {paul.conn},
  timestamp = {2013.05.24}
}

@ARTICLE{SauerLink2011,
  author = {Sauer, J. R. and Link, W. A.},
  title = {Analysis of the {N}orth {A}merican breeding bird survey using hierarchical
	models},
  journal = {Auk},
  year = {2011},
  volume = {128},
  pages = {87-98},
  owner = {paul.conn},
  timestamp = {2013.12.04}
}

@ARTICLE{Schaefer1957,
  author = {Schaefer, M. B.},
  title = {A study of the dynamics of the fishery for yellowfin tuna in the
	eastern tropical Pacific Ocean},
  journal = {Bulletin of the Inter-American Tropical Tuna Commission},
  year = {1957},
  volume = {2},
  pages = {247-268},
  owner = {paul.conn},
  timestamp = {2013.05.24}
}

@ARTICLE{Schaefer1954,
  author = {Schaefer, M. B.},
  title = {Some aspects of the dynamics of populations important to the management
	of the commercial marine fisheries},
  journal = {Bulletin of the Inter-American Tropical Tuna Commission},
  year = {1954},
  volume = {1},
  pages = {27-56},
  owner = {paul.conn},
  timestamp = {2013.05.24}
}

@ARTICLE{Schaub2005,
  author = {Schaub, M. and Kania, W. and Koppen, U.},
  title = {Variation of primary production during winter induces synchrony in
	survival rates in migratory white storks Ciconia ciconia},
  journal = {Journal of Animal Ecology},
  year = {2005},
  volume = {74},
  pages = {656-666},
  owner = {paul.conn},
  timestamp = {2013.05.24}
}

@ARTICLE{Schaub2004,
  author = {Schaub, M. and Pradel, R.},
  title = {Assessing the relative importance of different sources of mortality
	from recoveries of marked animals},
  journal = {Ecology},
  year = {2004},
  volume = {85},
  pages = {930--938},
  owner = {paul.conn},
  timestamp = {2013.05.24}
}

@ARTICLE{Schmidt2011,
  author = {Schmidt, J.H. and Rattenbury, K.L. and Lawler, J.P. and Maccluskie,
	M.C.},
  title = {Using distance sampling and hierarchical models to improve estimates
	of Dall's sheep abundance},
  journal = {Journal of Wildlife Management},
  year = {2011},
  volume = {76},
  pages = {317-327},
  owner = {paul.conn},
  timestamp = {2012.01.11}
}

@ARTICLE{Schnute1995,
  author = {Schnute, J. T. and Richards, L. J.},
  title = {The influence of error on population estimates from catch-age models},
  journal = {Canadian Journal of Fisheries and Aquatic Sciences},
  year = {1995},
  volume = {52},
  pages = {2063-2077},
  owner = {paul.conn},
  timestamp = {2013.05.24}
}

@ARTICLE{Schofield2011,
  author = {Schofield, M.R. and Barker, R.J.},
  title = {Full open population capture-recapture models with individual covariates},
  journal = {Journal of Agricultural, Biological, and Environmental Statistics},
  year = {2011},
  volume = {16},
  pages = {253-268},
  owner = {paul.conn},
  timestamp = {2011.10.06}
}

@ARTICLE{SchwarzArnason1996,
  author = {Schwarz, C. J. and Arnason, A. N.},
  title = {A general methodology for the analysis of capture-recapture experiments
	in open populations},
  journal = {Biometrics},
  year = {1996},
  volume = {52},
  pages = {860-873},
  owner = {paul.conn},
  timestamp = {2014.05.02}
}

@ARTICLE{Schwarz1993,
  author = {Schwarz, C. J. and Schweigert, J. F. and Arnason, A. N.},
  title = {Estimating migration rates using tag-recovery data},
  journal = {Biometrics},
  year = {1993},
  volume = {49},
  pages = {177-193},
  owner = {paul.conn},
  timestamp = {2013.05.24}
}

@ARTICLE{Schwarz1999,
  author = {Schwarz, C. J. and Seber, G. A. F.},
  title = {Estimating animal abundance: review {III}.~},
  journal = {Statistical Science},
  year = {1999},
  note = {to appear},
  owner = {paul.conn},
  timestamp = {2013.05.24}
}

@ARTICLE{Schwarz1978,
  author = {Schwarz, G.},
  title = {Estimating the dimension of a model},
  journal = {The Annals of Statistics},
  year = {1978},
  volume = {6},
  pages = {461-464},
  owner = {paul.conn},
  timestamp = {2013.05.24}
}

@ARTICLE{Scott2011,
  author = {Scott, S. L.},
  title = {Data augmentation, frequentist estimation, and the {B}ayesian analysis
	of multinomial logit models},
  journal = {Stat Papers},
  year = {2011},
  volume = {52},
  pages = {87-109},
  owner = {paul.conn},
  timestamp = {2012.08.28}
}

@ARTICLE{Searle1980,
  author = {Searle, S.R. and Speed, F.M. and Milliken, G.A.},
  title = {Population marginal means in the linear model: An alternative to
	least squares means},
  journal = {American Statistician},
  year = {1980},
  volume = {34},
  pages = {216-221},
  owner = {paul.conn},
  timestamp = {2010.07.06}
}

@BOOK{Seber1982,
  title = {The Estimation of Animal Abundance and Related Parameters, 2nd Edition},
  publisher = {Blackburn Press},
  year = {1982},
  author = {Seber, G. A. F.},
  address = {Caldwell, NJ, USA},
  owner = {paul.conn},
  timestamp = {2013.05.24}
}

@MANUAL{SEDAR2007,
  title = {SEDAR 15 Data Workshop Report},
  author = {SEDAR},
  year = {2007},
  owner = {paul.conn},
  timestamp = {2013.05.24}
}

@MANUAL{SEDAR2007a,
  title = {(SouthEast Data Assessment and Review) SEDAR 15 Assessment Workshop
	Report [online]},
  author = {SEDAR},
  address = {Available from http://www.sefsc.noaa.gov/sedar/ [accessed 6 March
	2009]},
  year = {2007},
  owner = {paul.conn},
  timestamp = {2013.05.24}
}

@MANUAL{SEDAR2006,
  title = {(SouthEast Data Assessment and Review) SEDAR 10 Assessment Workshop
	Report [online]},
  author = {SEDAR},
  address = {Available from http://www.sefsc.noaa.gov/sedar/ [accessed 6 March
	2009]},
  year = {2006},
  owner = {paul.conn},
  timestamp = {2013.05.24}
}

@ARTICLE{Shertzer2006,
  author = {Shertzer, K. W. and Prager, M. H.},
  title = {Delay in fishery management: diminished yield, longer rebuilding,
	and increased probability of stock collapse},
  journal = {ICES Journal of Marine Science},
  year = {2006},
  volume = {64},
  pages = {149-159},
  owner = {paul.conn},
  timestamp = {2013.05.24}
}

@INCOLLECTION{Shertzer2008,
  author = {Shertzer, K. W. and Prager, M. H. and Vaughan, D. S. and Williams,
	E. H.},
  title = {Fishery models},
  booktitle = {Population Dynamics. Vol. [2] of Encyclopedia of Ecology, 5 vols.},
  publisher = {Elsevier},
  year = {2008},
  editor = {Jorgensen, S. E. and Fath, F.},
  pages = {1582-1593},
  address = {Oxford},
  owner = {paul.conn},
  timestamp = {2013.05.24}
}

@BOOK{Silverman1986,
  title = {Density Estimation for Statistics and Data Analysis},
  publisher = {Chapman \& Hall},
  year = {1986},
  author = {Silverman, B. W.},
  address = {London},
  owner = {paul.conn},
  timestamp = {2013.05.24}
}

@ARTICLE{Simons2007,
  author = {Simons, T. R. and Alldredge, M. W. and Pollock, K. H. and Wettroth,
	J. M.},
  title = {Experimental analysis of the auditory detection process on avian
	point counts},
  journal = {The Auk},
  year = {2007},
  volume = {124},
  pages = {986-999},
  owner = {paul.conn},
  timestamp = {2012.10.01}
}

@BOOK{Skalski2005,
  title = {Wildlife demography: analysis of sex, age, and count data},
  publisher = {Elsevier Academic Press},
  year = {2005},
  author = {Skalski, J. R. and Ryding, K. E. and Millspaugh, J. J.},
  address = {San Diego, CA, USA},
  owner = {paul.conn},
  timestamp = {2013.05.24}
}

@ARTICLE{Smith1991,
  author = {Smith, P. J.},
  title = {Bayesian analyses for a multiple capture-recapture model},
  journal = {Biometrika},
  year = {1991},
  volume = {78},
  pages = {399-407},
  owner = {paul.conn},
  timestamp = {2013.05.24}
}

@MASTERSTHESIS{Soboleff:2006fk,
  author = {Nathan James Soboleff},
  title = {Potential Interactions between State-Managed Fisheries and Steller
	Sea Lions (\textit{{E}umetopias jubatus})},
  school = {University of Alaska Fairbanks},
  year = {2006}
}

@ARTICLE{Soisalo2006,
  author = {Soisalo, M. K. and Cavalcanti, S. M. C.},
  title = {Estimating the density of a jaguar population in the Brazilian Pantanal
	using camera-traps and capture-recapture sampling in combination
	with GPS radio-telemetry},
  journal = {Biological Conservation},
  year = {2006},
  volume = {129},
  pages = {487-496},
  owner = {paul.conn},
  timestamp = {2009.12.21}
}

@ARTICLE{SpeckmanEtAl2011,
  author = {Speckman, S. G. and Chernook, V. I. and Burn, D. M. and Udevitz,
	M. S. and Kochnev, A. A. and Vasilev, A. and Chandwick, J. V. and
	Lisovsky, A. and Fishcbach, A. S. and Benter, R. B.},
  title = {Results and evaluation of a survey to estimate {P}acific walrus population
	size, 2006.},
  journal = {Marine Mammal Science},
  year = {2011},
  volume = {27},
  pages = {514-553},
  owner = {paul.conn},
  timestamp = {2013.07.22}
}

@ARTICLE{Spiegelhalter2002,
  author = {Spiegelhalter, D. J. and Best, N. G. and Carlin, B. P. and van der
	Linde, A.},
  title = {Bayesian measures of model complexity and fit},
  journal = {Journal of the Royal Statistical Society Series B},
  year = {2002},
  volume = {64},
  pages = {583--639},
  owner = {paul.conn},
  timestamp = {2013.05.24}
}

@BOOK{Steel1997,
  title = {Principles and Procedures of Statistics: A Biometrical Approach,
	Third Edition},
  publisher = {McGraw Hill},
  year = {1997},
  author = {Steel, R. G. D. and Torrie, J. H. and Dickey, D. A.},
  address = {Boston, MA, USA},
  owner = {paul.conn},
  timestamp = {2013.05.24}
}

@ARTICLE{Steinhorst1989,
  author = {Steinhorst, R.K. and Samuel, M.D.},
  title = {Sightability adjustment methods for aerial surveys of wildlife populations},
  journal = {Biometrics},
  year = {1989},
  volume = {45},
  pages = {415-425},
  owner = {paul.conn},
  timestamp = {2012.02.16}
}

@ARTICLE{StevensJr.2004,
  author = {Stevens Jr., D.L. and Olsen, A.R.},
  title = {Spatially balanced sampling of natural resources},
  journal = {Journal of the American Statistical Association},
  year = {2004},
  volume = {99},
  pages = {262-278},
  owner = {paul.conn},
  timestamp = {2012.01.25}
}

@ARTICLE{Sundberg1999,
  author = {Sundberg, R.},
  title = {Multivariate calibration - direct and inderect regression methodology},
  journal = {Scandinavian Journal of Statistics},
  year = {1999},
  volume = {26},
  pages = {161-207},
  owner = {paul.conn},
  timestamp = {2013.05.24}
}

@ARTICLE{Swartz2004,
  author = {Swartz, T. and Haitovsky, Y. and Vexler, A. and Yang, T.},
  title = {Bayesian identificability and misclassification in multinomial data},
  journal = {Canadian Journal of Statistics},
  year = {2004},
  volume = {32},
  pages = {285-302},
  owner = {paul.conn},
  timestamp = {2012.06.07}
}

@ARTICLE{Taberlet1996,
  author = {Taberlet, P. and Griffin, S. and Goossens, B. and Questiau, S. and
	Manceau, V. and Escaravage, N. and Waits, L. P. and Bouvet, J.},
  title = {Reliable genotyping of samples with very low {DNA} quantities using
	{PCR}},
  journal = {Nucleic Acids Research},
  year = {1996},
  volume = {24},
  pages = {3189-3194},
  owner = {paul.conn},
  timestamp = {2013.05.24}
}

@PHDTHESIS{Tabet2007,
  author = {Tabet, A.},
  title = {Bayesian Inference in the Multivariate Probit Model},
  school = {University of British Columbia},
  year = {2007},
  type = {M.S. Thesis},
  owner = {paul.conn},
  timestamp = {2011.10.13}
}

@ARTICLE{Tanner1987,
  author = {Tanner, M.A. and Wong, W.H.},
  title = {The calculation of posterior distributions by data augmentation (with
	discussion)},
  journal = {Journal of the American Statistical Association},
  year = {1987},
  volume = {82},
  pages = {528-550},
  owner = {paul.conn},
  timestamp = {2011.10.06}
}

@ARTICLE{Thogmartin2004,
  author = {Thogmartin, W.E. and Sauer, J.R. and Knutson, M.G.},
  title = {A hierarchical spatial model of avian abundance with application
	to Cerulean warblers},
  journal = {Ecological Applications},
  year = {2004},
  volume = {14},
  pages = {1766-1779},
  owner = {xconn},
  timestamp = {2011.06.22}
}

@ARTICLE{Thomas2010,
  author = {Thomas, L. and Buckland, S. T. and Rexstad, E. A. and Laake, J. L.
	and Strindberg, S. and Hedley, S. L. and Bishop, J. R. B. and Marques,
	T. A. and Burnham, K. P.},
  title = {Distance software: design and analysis of distance sampling surveys
	for estimating population size},
  journal = {Journal of Applied Ecology},
  year = {2010},
  volume = {47},
  pages = {5-14},
  owner = {paul.conn},
  timestamp = {2012.09.10}
}

@ELECTRONIC{PacCodAssessment2011,
  author = {Thompson, G. G. and Lauth, R. R.},
  year = {2011},
  title = {Asessment of the {Pacific} Cod Stock in the Eastern {B}ering Sea
	and {A}leution Islands Area},
  organization = {NOAA Alaska Fisheries Science Center},
  url = {http://www.afsc.noaa.gov/REFM/docs/2011/BSAIpcod.pdf},
  owner = {paul.conn},
  timestamp = {2013.05.15}
}

@ARTICLE{Thompson2007,
  author = {Thompson, K.G.},
  title = {Use of site occupancy models to estimate prevalence of Myxobolus
	cerebralis infection in trout},
  journal = {Journal of Aquatic Animal Health},
  year = {2007},
  volume = {19},
  pages = {8-13},
  owner = {paul.conn},
  timestamp = {2011.12.27}
}

@BOOK{Thompson2002,
  title = {Sampling, 2nd Edition},
  publisher = {Wiley},
  year = {2002},
  author = {Thompson, S. K.},
  address = {New York},
  owner = {paul.conn},
  timestamp = {2013.01.09}
}

@ARTICLE{Tompkins2009,
  author = {Tompkins, D.M. and Ramsey, D.S.L. and Cross, M.L. and Aldwell, F.E.
	and de Lisle, G.W. and Buddle, B.M.},
  title = {Oral vaccination reduces the incidence of tuberculosis in free-living
	brushtail possums},
  journal = {Proceedings of the Royal Society of B-Biological Sciences},
  year = {2009},
  volume = {276},
  pages = {2987-2995},
  owner = {paul.conn},
  timestamp = {2012.08.27}
}

@TECHREPORT{Trites:2010ly,
  author = {Andrew W Trites and Rowenna Flinn and Ruth Joy and Brian Battaile},
  title = {Was the decline of {S}teller sea lions in the {A}leutian {I}slands
	from 2000 to 2009 related to the {A}tka mackerel fishery?},
  institution = {Fisheries Centre, The University of British Columbia},
  year = {2010},
  number = {2010-10}
}

@ARTICLE{Udevitz1998,
  author = {Udevitz, M. S. and Ballachey, B. E.},
  title = {Estimating survival rates with age-structure data},
  journal = {Journal of Wildlife Management},
  year = {1998},
  volume = {62},
  pages = {779-792},
  owner = {paul.conn},
  timestamp = {2013.05.24}
}

@ARTICLE{UdevitzEtAl2008,
  author = {Udevitz, M. S. and Burn, D. M. and Webber, M. A.},
  title = {Estiimation of walrus populations on sea ice with infrared imagery
	and aerial photography},
  journal = {Marine Mammal Science},
  year = {2008},
  volume = {24},
  pages = {57-70},
  owner = {paul.conn},
  timestamp = {2013.07.22}
}

@INCOLLECTION{Varian1975,
  author = {Varian, H. R.},
  title = {A {B}ayesian approach to real estate assessment},
  booktitle = {Studies in {B}ayesian Econonometrics and Statistics in Honor of {L}eonard
	{J}. {S}avage},
  publisher = {North Holland},
  year = {1975},
  editor = {Fienberg, S. E. and Zellner, A.},
  pages = {195-208},
  address = {Amsterdam},
  owner = {paul.conn},
  timestamp = {2014.05.02}
}

@BOOK{Venables2002,
  title = {Modern Applied Statistics with S, 4th Edition},
  publisher = {Springer},
  year = {2002},
  author = {Venables, W. N. and Ripley, B. D.},
  address = {New York},
  owner = {paul.conn},
  timestamp = {2013.05.24}
}

@ARTICLE{VerHoefJansen2007,
  author = {Ver Hoef, J.M. and Jansen, J.K.},
  title = {Space-time zero-inflated count models of harbor seals},
  journal = {Environmetrics},
  year = {2007},
  volume = {18},
  pages = {697-712},
  owner = {paul.conn},
  timestamp = {2012.03.14}
}

@ARTICLE{VerHoef2010,
  author = {Ver Hoef,J.M. and London,J.M. and Boveng,P.L.},
  title = {Fast computing of some generalized linear mixed pseudo-models with
	temporal autocorrelation},
  journal = {Computational Statistics},
  year = {2010},
  volume = {25},
  pages = {39-55},
  owner = {paul.conn},
  timestamp = {2011.07.15}
}

@INCOLLECTION{VerHoef2012,
  author = {Ver Hoef, J. M.},
  title = {Aerial Survey Data},
  booktitle = {Encyclopedia of Environmetrics, 2nd Edition},
  publisher = {Wiley},
  year = {2012},
  editor = {El-Shaarawi, A. H. and Piegorsch, W. W.},
  pages = {(Online) DOI: 10.1002/9780470057339.vnn144},
  address = {Chichester, U.K.},
  owner = {paul.conn},
  timestamp = {2013.04.26}
}

@ARTICLE{VerHoef2008,
  author = {Ver Hoef, J. M.},
  title = {Spatial methods for plot-based sampling of wildlife populations},
  journal = {Environmental and Ecological Statistics},
  year = {2008},
  volume = {15},
  pages = {3-13},
  owner = {paul.conn},
  timestamp = {2013.04.26}
}

@ARTICLE{VerHoefEtAl2014,
  author = {Ver Hoef, J. M. and Cameron, M. F. and Boveng, P. L. and London,
	J. M. and Moreland, E. E.},
  title = {A hierarchical model for abundance of three ice-associated seal species
	in the eastern {B}ering {S}ea},
  journal = {Statistical Methodology},
  year = {2014},
  volume = {17},
  pages = {46-66},
  owner = {paul.conn},
  timestamp = {2011.07.05}
}

@ARTICLE{Virtala1998,
  author = {Virtala, M. and Kuikka, S. and Arjas, E.},
  title = {Stochastic virtual population analysis},
  journal = {ICES Journal of Marine Science},
  year = {1998},
  volume = {55},
  pages = {892-904},
  owner = {paul.conn},
  timestamp = {2013.05.24}
}

@ARTICLE{Vounatsou1995,
  author = {Vounatsou, P. and Smith, A. F. M},
  title = {Bayesian analysis of ring-recovery data via {Markov} chain {Monte
	Carlo} simulation},
  journal = {Biometrics},
  year = {1995},
  volume = {51},
  pages = {687--708},
  optmonth = {June},
  owner = {paul.conn},
  timestamp = {2013.05.24}
}

@ARTICLE{Wagner2005,
  author = {Wagner, H.H. and Fortin, M.J.},
  title = {Spatial analyis of landscapes: Concepts and statistics},
  journal = {Ecology},
  year = {2005},
  volume = {86},
  pages = {1975-1986},
  owner = {xconn},
  timestamp = {2011.06.22}
}

@BOOK{Walters1986,
  title = {Adaptive Management of Renewable Resources},
  publisher = {Macmillan},
  year = {1986},
  author = {Walters, C. J.},
  address = {New York},
  owner = {paul.conn},
  timestamp = {2013.05.24}
}

@ARTICLE{Wang2009,
  author = {Wang, M. Y. and Overland, J. E.},
  title = {A sea ice free summer Arctic within 30 years?},
  journal = {Geophysical Research Letters},
  year = {2009},
  volume = {36},
  pages = {L07502},
  owner = {paul.conn},
  timestamp = {2013.05.16}
}

@ARTICLE{Wernhem1999,
  author = {Wernhem, C. V. and Peach, W. J.},
  title = {Use of ring recoveries to monitor long-term changes in the survvial
	rates of British and Irish cormorants Phalacrocorax carbo},
  journal = {Bird Study},
  year = {1999},
  volume = {46},
  pages = {189--197},
  owner = {paul.conn},
  timestamp = {2013.05.24}
}

@ARTICLE{White1999,
  author = {White, G. C. and Burnham, K. P.},
  title = {Program MARK: Survival estimation from populations of marked animals},
  journal = {Bird Study},
  year = {1999},
  volume = {46 Supplement},
  pages = {120-138},
  owner = {paul.conn},
  timestamp = {2013.05.24}
}

@ARTICLE{Wikle2003,
  author = {Wikle, C.K.},
  title = {Hierarchical {B}ayesian methods for predicting the spread of ecological
	processes},
  journal = {Ecology},
  year = {2003},
  volume = {84},
  pages = {1382-1394},
  owner = {paul.conn},
  timestamp = {2011.06.13}
}

@INPROCEEDINGS{Wikle2010,
  author = {Wikle, C. K.},
  title = {Low rank representations for spatial processes},
  booktitle = {Handbook of Spatial Statistics},
  year = {2010},
  editor = {Gelfand, A. and Diggle, P. and Fuentes, M. and Guttorp, P.},
  pages = {89-106},
  publisher = {Chapman \& Hall},
  owner = {paul.conn},
  timestamp = {2013.07.17}
}

@ARTICLE{WikleEtAl2003b,
  author = {Wikle, C. K. and Berliner, L. M. and Milliff, R. F.},
  title = {Hierarchical {B}ayesian approach to boundary value problems with
	stochastic boundary conditions},
  journal = {Monthly Weather Review},
  year = {2003},
  volume = {131},
  pages = {1051-1062},
  owner = {paul.conn},
  timestamp = {2013.12.09}
}

@ARTICLE{WikleHooten2010,
  author = {Wikle, C. K. and Hooten, M. B.},
  title = {A general science-based framework for dynamical spatio-temporal models},
  journal = {TEST},
  year = {2010},
  volume = {19},
  pages = {417-451},
  owner = {paul.conn},
  timestamp = {2013.12.04}
}

@ARTICLE{WikleEtAl2001,
  author = {Wikle, C. K. and Milliff, R. F. and Nychka, D. and Berliner, L. M.},
  title = {Spatiotemporal hierarchical {B}ayesian modeling tropical ocean surface
	winds},
  journal = {Journal of the American Statistical Association},
  year = {2001},
  volume = {96},
  pages = {382-397},
  owner = {paul.conn},
  timestamp = {2013.12.05}
}

@ARTICLE{Wilberg2008,
  author = {Wilberg, M.J. and Bence, J.R.},
  title = {Performance of deviance information criterion model selection in
	statistical catch-at-age analysis},
  journal = {Fisheries Research},
  year = {2008},
  volume = {93},
  pages = {212-221},
  owner = {paul.conn},
  timestamp = {2011.09.13}
}

@ARTICLE{Wilberg2006,
  author = {Wilberg, M. J. and Bence, J. R.},
  title = {Performance of time-varying catchability estimators in statistical
	catch-at-age analysis},
  journal = {Canadian Journal of Fisheries and Aquatic Sciences},
  year = {2006},
  volume = {63},
  pages = {2275-2285},
  owner = {paul.conn},
  timestamp = {2013.05.24}
}

@BOOK{Williams2002,
  title = {Analysis and Management of Animal Populations},
  publisher = {Academic Press},
  year = {2002},
  author = {Williams, B. K. and Nichols, J. D. and Conroy, M. J.},
  address = {San Diego, CA, USA},
  owner = {paul.conn},
  timestamp = {2013.05.24}
}

@BOOK{Williams2002a,
  title = {Analysis and Management of Animal Populations},
  publisher = {Academic Press},
  year = {2002},
  author = {Williams, B. K. and Nichols, J. D. and Conroy, M. J.},
  address = {San Diego, CA, USA},
  owner = {paul.conn},
  timestamp = {2013.05.24}
}

@ARTICLE{Williams2003,
  author = {Williams, E. H. and Shertzer, K. W.},
  title = {Implications of life-history invariants for biological reference
	points used in fishery management},
  journal = {Canadian Journal of Fisheries and Aquatic Sciences},
  year = {2003},
  volume = {60},
  pages = {710-720},
  owner = {paul.conn},
  timestamp = {2013.05.24}
}

@ARTICLE{Willis2000,
  author = {Willis, T.J. and Millar, R.B. and Babcock, R.C.},
  title = {Detection of spatial variability in relative density of fishes: comparison
	of visual census, angling, and baited underwater video},
  journal = {Marine Ecology Progress Series},
  year = {2000},
  volume = {198},
  pages = {249-260},
  owner = {paul.conn},
  timestamp = {2010.07.06}
}

@ARTICLE{Wolf:2008qf,
  author = {N. Wolf and M. Mangel},
  title = {Multiple hypothesis testing and the declining population paradigm
	in {S}teller sea lions},
  journal = {Ecological Applications},
  year = {2008},
  volume = {18},
  pages = {1932--1955},
  number = {8}
}

@TECHREPORT{Wolf:2005bh,
  author = {N. Wolf and M. Mangel},
  title = {Understanding the Decline of The {W}estern {A}laskan {S}teller Sea
	Lion: Assessing the Evidence Concerning Multiple Hypothesis},
  institution = {MRAG Americas, Inc.},
  year = {2005},
  number = {AB133F-02-CN-0085},
  address = {Tampa, Florida}
}

@ARTICLE{Womble:2009fk,
  author = {Womble, Jamie N. and Sigler, Michael F. and Willson, Mary F.},
  title = {Linking seasonal distribution patterns with prey availability in
	a central-place forager, the Steller sea lion},
  journal = {Journal of Biogeography},
  year = {2009},
  volume = {36},
  pages = {439--451},
  number = {3},
  month = mar
}

@BOOK{Wood2006,
  title = {Generalized additive models},
  publisher = {Chapman \& Hall/CRC},
  year = {2006},
  author = {Wood, S. N.},
  address = {Boca Raton, Florida},
  owner = {paul.conn},
  timestamp = {2013.07.11}
}

@ARTICLE{Woolhouse1992,
  author = {Woolhouse, M. E. J. and Chandiwana, S. K.},
  title = {A further model for temporal patterns in the epidemiology of schistomsome
	infections of snails},
  journal = {Parasitology},
  year = {1992},
  volume = {104},
  pages = {443-449},
  owner = {paul.conn},
  timestamp = {2013.05.24}
}

@ARTICLE{WuEtAl2013,
  author = {Wu, G. and Holan, S. H. and Wikle, C. K.},
  title = {Hierarchical {B}ayesian spatio-temporal {C}onway-{M}axwell {P}oisson
	models with dynamic dispersion},
  journal = {Journal of Agricultural, Biological, and Environmental Statistics},
  year = {2013},
  volume = {18},
  pages = {335-356},
  owner = {paul.conn},
  timestamp = {2013.12.05}
}

@ARTICLE{Yin2004,
  author = {Yin, Y. and Sampson, D. B.},
  title = {Bias and precision of estimates from an age-structured stock assessment
	program in relation to stock and data characteristics},
  journal = {North American Journal of Fisheries Management},
  year = {2004},
  volume = {24},
  pages = {865-879},
  owner = {paul.conn},
  timestamp = {2013.05.24}
}

@ARTICLE{Yoshizaki2009,
  author = {Yoshizaki, J. and Pollock, K. H. and Brownie, C. and Webster, R.
	A.},
  title = {Modeling misidentification errors in capture-recapture studies using
	photographic identification of evolving marks},
  journal = {Ecology},
  year = {2009},
  volume = {90},
  pages = {3-9},
  owner = {paul.conn},
  timestamp = {2009.12.21}
}

@ARTICLE{ZeppelinEtAl2004,
  author = {Zeppelin, T. K. and Tollit, D. J. and Call, K. A. and Orchard, T.
	J. and Gudmundson, C. J.},
  title = {Sizes of walleye pollock ({\it Theragra chalcogramma}) and Atka mackerel
	({\it Pleurogrammus monopterygius}) consumed by the western stock
	of Steller sea lions ({\it Eumetopias jubatus}) in {A}laska from
	1998 to 2000},
  journal = {Fishery Bulletin},
  year = {2004},
  volume = {102},
  pages = {509-521},
  owner = {paul.conn},
  timestamp = {2013.07.03}
}

@ARTICLE{Zippin1956,
  author = {Zippin, C.},
  title = {An evaluation of the removal method of estimating animal pouplations},
  journal = {Biometrics},
  year = {1956},
  volume = {12},
  pages = {163-189},
  owner = {paul.conn},
  timestamp = {2013.05.24}
}

@ARTICLE{,
  owner = {paul.conn},
  timestamp = {2014.04.11}
}

@ARTICLE{,
  owner = {paul.conn},
  timestamp = {2013.12.09}
}

